@inproceedings {envirvis.20171099,
booktitle = {Workshop on Visualisation in Environmental Sciences (EnvirVis)},
editor = {Karsten Rink and Ariane Middel and Dirk Zeckzer and Roxana Bujack},
title = {{Visual Study of the Benguela Upwelling System using Pathline Predicates}},
author = {Nardini, Pascal and BÃ¶ttinger, Michael and Scheuermann, Gerik and Schmidt, Martin},
year = {2017},
publisher = {The Eurographics Association},
ISBN = {978-3-03868-040-6},
DOI = {10.2312/envirvis.20171099}
}

@article{JSFI78,
        author = {Hank Childs},
        title = {{Data Exploration at the Exascale}},
        journal = {{Supercomputing Frontiers and Innovations}},
        volume = {2},
        number = {3},
        month = dec,
        year = {2015},
        pages={5--13},
        issn = {2313-8734},     url = {http://superfri.org/superfri/article/view/78}
}

@article{siegfried2019tropical,
  title={The tropical-subtropical coupling in the Southeast Atlantic from the perspective of the northern Benguela upwelling system},
  author={Siegfried, Lydia and Schmidt, Martin and Mohrholz, Volker and Pogrzeba, Hans and Nardini, Pascal and B{\"o}ttinger, Michael and Scheuermann, Gerik},
  journal={PloS one},
  volume={14},
  number={1},
  year={2019},
  publisher={Public Library of Science}
}

@article{vries2001calculating,
  title={Calculating Lagrangian trajectories using time-dependent velocity fields},
  author={Vries, Pedrode and D{\"o}{\"o}s, Kristofer},
  journal={Journal of Atmospheric and Oceanic Technology},
  volume={18},
  number={6},
  pages={1092--1101},
  year={2001}
}

@inproceedings{ISVFCS,
  title={In Situ Lagrangian Analysis for Exploration of Time-Dependent Vector Fields},
  author={Sane, Sudhanshu and Childs, Hank},
  booktitle={ISVFCS 20},
}

@article{almgren2013nyx,
  title={Nyx: A massively parallel AMR code for computational cosmology},
  author={Almgren, Ann S and Bell, John B and Lijewski, Mike J and Luki{\'c}, Zarija and Van Andel, Ethan},
  journal={The Astrophysical Journal},
  volume={765},
  number={1},
  pages={39},
  year={2013},
  publisher={IOP Publishing}
}

@article{popinet2003gerris,
  title={Gerris: a tree-based adaptive solver for the incompressible Euler equations in complex geometries},
  author={Popinet, St{\'e}phane},
  journal={Journal of Computational Physics},
  volume={190},
  number={2},
  pages={572--600},
  year={2003},
  publisher={Elsevier}
}

@inproceedings{ayachit2016sensei,
  title={{The SENSEI Generic In Situ Interface}},
  author={Ayachit, Utkarsh and Whitlock, Brad and Wolf, Matthew and Loring, Burlen and Geveci, Berk and Lonie, David and Bethel, E},
  booktitle={Proceedings of the Workshop on In Situ Infrastructures for Enabling Extreme-scale Analysis and Visualization (ISAV)},
  pages={40--44},
  year={2016},
  organization={IEEE Press}
}

@inproceedings{Larsen2017Ascent,
 author = {Larsen, Matthew and Ahrens, James and Ayachit, Utkarsh and Brugger, Eric and Childs, Hank and Geveci, Berk and Harrison, Cyrus},
 title = {{The ALPINE In Situ Infrastructure: Ascending from the Ashes of Strawman}},
 booktitle = {Proceedings of the In Situ Infrastructures on Enabling Extreme-Scale Analysis and Visualization (ISAV)},
 year = {2017},
 location = {Denver, CO, USA},
 pages = {42--46},
 numpages = {5},
}

@article{liu2014hello,
  title={{Hello ADIOS: the challenges and lessons of developing leadership class I/O frameworks}},
  author={Liu, Qing and Logan, Jeremy and Tian, Yuan and Abbasi, Hasan and Podhorszki, Norbert and Choi, Jong Youl and Klasky, Scott and Tchoua, Roselyne and Lofstead, Jay and Oldfield, Ron and others},
  journal={Concurrency and Computation: Practice and Experience},
  volume={26},
  number={7},
  pages={1453--1473},
  year={2014},
}

@inproceedings{Vishwanath2011glean,
author = {Vishwanath, Venkatram and Hereld, Mark and Morozov, Vitali and Papka, Michael E.},
title = {{Topology-aware Data Movement and Staging for I/O Acceleration on Blue Gene/P Supercomputing Systems}},
booktitle = {Proceedings of International Conference for High Performance Computing, Networking, Storage and Analysis (SC11)},
year = {2011},
pages = {19:1--19:11},
}


@inproceedings{fogal2014freeprocessing,
  title={Freeprocessing: Transparent in situ visualization via data interception},
  author={Fogal, Thomas and Proch, Fabian and Schiewe, Alexander and Hasemann, Olaf and Kempf, Andreas and Kr{\"u}ger, Jens},
  booktitle = {Eurographics Symposium on Parallel Graphics and Visualization},
  pages={49--56},
  year={2014},
}


@article{mallinson2013cloverleaf,
  title={Cloverleaf: Preparing hydrodynamics codes for exascale},
  author={Mallinson, AC and Beckingsale, David A and Gaudin, WP and Herdman, JA and Levesque, JM and Jarvis, Stephen A},
  journal={The Cray User Group},
  volume={2013},
  year={2013}
}

@article{shadden2005definition,
  title={Definition and properties of Lagrangian coherent structures from finite-time Lyapunov exponents in two-dimensional aperiodic flows},
  author={Shadden, Shawn C and Lekien, Francois and Marsden, Jerrold E},
  journal={Physica D: Nonlinear Phenomena},
  volume={212},
  number={3},
  pages={271--304},
  year={2005},
  publisher={Elsevier}
}

@incollection{sujudi1996integration,
  title={Integration of particle paths and streamlines in a spatially-decomposed computation},
  author={Sujudi, David and Haimes, Robert},
  booktitle={Parallel Computational Fluid Dynamics 1995},
  pages={315--322},
  year={1996},
  publisher={Elsevier}
}

@inproceedings{dinan2009scalable,
  title={Scalable work stealing},
  author={Dinan, James and Larkins, D Brian and Sadayappan, Ponnuswamy and Krishnamoorthy, Sriram and Nieplocha, Jarek},
  booktitle={Proceedings of the Conference on High Performance Computing Networking, Storage and Analysis},
  pages={1--11},
  year={2009},
  organization={IEEE}
}

@inproceedings{kendall2011simplified,
  title={Simplified parallel domain traversal},
  author={Kendall, Wesley and Wang, Jingyuan and Allen, Melissa and Peterka, Tom and Huang, Jian and Erickson, David},
  booktitle={Proceedings of 2011 International Conference for High Performance Computing, Networking, Storage and Analysis},
  pages={10},
  year={2011},
  organization={ACM}
}

 @book{GH10,
 author = {David F. Griffiths and Desmond J. Higham},
 title = {{Numerical Methods for Ordinary Differential Equations: Initial Value Problems}},
 year = {2010},
 publisher = {Springer},
 address = {London, UK}
 }

@inproceedings{Liao2019ScalablePF,
  title={Scalable Parallel Flow Visualization Using 3D Line Integral Convolution for Large Scale Unstructured Simulation Data},
  author={Yangguang Liao and Hiroaki Matsui and Oliver Kreylos and Louise H. Kellogg},
  booktitle={EGPGV},
  year={2019}
}

@article{bleile2017accelerating,
  title={Accelerating advection via approximate block exterior flow maps},
  author={Bleile, Ryan and Sugiyama, Linda and Garth, Christoph and Childs, Hank},
  journal={Electronic Imaging},
  volume={2017},
  number={1},
  pages={140--148},
  year={2017},
  publisher={Society for Imaging Science and Technology}
}

@article{hartman1973ordinary,
  title={Ordinary differential equations},
  author={Hartman, Philip},
  year={1973},
  publisher={Hartman}
}

@book{schroeder2004visualization,
  title={The visualization toolkit: an object-oriented approach to 3D graphics},
  author={Schroeder, Will J and Lorensen, Bill and Martin, Ken},
  year={2004},
  publisher={Kitware}
}

@inproceedings{fabri2011cgal,
  title={Cgal-the computational geometry algorithms library},
  author={Fabri, Andreas and Teillaud, Monique},
  booktitle={10e colloque national en calcul des structures},
  pages={6},
  year={2011}
}

@article{gropp1996high,
  title={A high-performance, portable implementation of the MPI message passing interface standard},
  author={Gropp, William and Lusk, Ewing and Doss, Nathan and Skjellum, Anthony},
  journal={Parallel computing},
  volume={22},
  number={6},
  pages={789--828},
  year={1996},
  publisher={Elsevier}
}

@article{moreland2016vtk,
  title={Vtk-m: Accelerating the visualization toolkit for massively threaded architectures},
  author={Moreland, Kenneth and Sewell, Christopher and Usher, William and Lo, Li-ta and Meredith, Jeremy and Pugmire, David and Kress, James and Schroots, Hendrik and Ma, Kwan-Liu and Childs, Hank and others},
  journal={IEEE computer graphics and applications},
  volume={36},
  number={3},
  pages={48--58},
  year={2016},
  publisher={IEEE}
}

@inproceedings{larsen2017alpine,
  title={The alpine in situ infrastructure: Ascending from the ashes of strawman},
  author={Larsen, Matthew and Ahrens, James and Ayachit, Utkarsh and Brugger, Eric and Childs, Hank and Geveci, Berk and Harrison, Cyrus},
  booktitle={Proceedings of the In Situ Infrastructures on Enabling Extreme-Scale Analysis and Visualization},
  pages={42--46},
  year={2017},
  organization={ACM}
}


@article{brummell2001linear,
  title={Linear and nonlinear dynamo properties of time-dependent ABC flows},
  author={Brummell, NH and Cattaneo, F and Tobias, SM},
  journal={Fluid Dynamics Research},
  volume={28},
  number={4},
  pages={237--265},
  year={2001},
  publisher={Elsevier}
}

@book{atkinson2008introduction,
  title={An introduction to numerical analysis},
  author={Atkinson, Kendall E},
  year={2008},
  publisher={John Wiley \& Sons}
}

@BOOK{Sch02,
  title = {{Numerical Analysis: A Mathematical Introduction}},
  publisher = {Oxford University Press},
  year = {2002},
  author = {Michelle Schatzmann},
  address = {New York, USA},
}

@incollection{schindler2012lagrangian,
  title={Ridge concepts for the visualization of Lagrangian coherent structures},
  author={Schindler, Benjamin and Peikert, Ronald and Fuchs, Raphael and Theisel, Holger},
  booktitle={Topological Methods in Data Analysis and Visualization II},
  pages={221--235},
  year={2012},
  publisher={Springer}
}

@article{ozgokmen2012multi,
  title={On multi-scale dispersion under the influence of surface mixed layer instabilities and deep flows},
  author={{\"O}zg{\"o}kmen, Tamay M and Poje, Andrew C and Fischer, Paul F and Childs, Hank and Krishnan, Harinarayan and Garth, Christoph and Haza, Angelique C and Ryan, Edward},
  journal={Ocean Modelling},
  volume={56},
  pages={16--30},
  year={2012},
  publisher={Elsevier}
}

@article{guo2016finite,
  title={Finite-time lyapunov exponents and lagrangian coherent structures in uncertain unsteady flows},
  author={Guo, Hanqi and He, Wenbin and Peterka, Tom and Shen, Han-Wei and Collis, Scott M and Helmus, Jonathan J},
  journal={IEEE transactions on visualization and computer graphics},
  volume={22},
  number={6},
  pages={1672--1682},
  year={2016},
  publisher={IEEE}
}

@article{petersson2015wave,
  title={Wave propagation in anisotropic elastic materials and curvilinear coordinates using a summation-by-parts finite difference method},
  author={Petersson, N Anders and Sj{\"o}green, Bj{\"o}rn},
  journal={Journal of Computational Physics},
  volume={299},
  pages={820--841},
  year={2015},
  publisher={Elsevier}
}

@article{sane2020scalable,
  title={Scalable In Situ Lagrangian Flow Map Extraction: Demonstrating the Viability of a Communication-Free Model},
  author={Sane, Sudhanshu and Yenpure, Abhishek and Bujack, Roxana and Larsen, Matthew and Moreland, Kenneth and Garth, Christoph and Childs, Hank},
  journal={arXiv preprint arXiv:2004.02003},
  year={2020}
}

@article{sane2020survey,
  title = {{Survey of Seed Placement and Streamline Techniques}},
  author = {Sudhanshu Sane and Roxana Bujack and Christoph Garth and Hank Childs}, 
  month = {September},
  year = {2020},
  journal = {EuroVis STAR},
}


@article{childs2010extreme,
  title={Extreme scaling of production visualization software on diverse architectures},
  author={Childs, Hank and Pugmire, David and Ahern, Sean and Whitlock, Brad and Howison, Mark and Weber, Gunther H and Bethel, E Wes and others},
  journal={IEEE Computer Graphics and Applications},
  number={3},
  pages={22--31},
  year={2010},
  publisher={IEEE}
}

@article{rapp2019void,
  title={Void-and-Cluster Sampling of Large Scattered Data and Trajectories},
  author={Rapp, Tobias and Peters, Christoph and Dachsbacher, Carsten},
  journal={IEEE Transactions on Visualization and Computer Graphics},
  volume={26},
  number={1},
  pages={780--789},
  year={2019},
  publisher={IEEE}
}

@inproceedings{behrendt2018explorative,
  title={Explorative blood flow visualization using dynamic line filtering based on surface features},
  author={Behrendt, Benjamin and Berg, Philipp and Beuing, Oliver and Preim, Bernhard and Saalfeld, Sylvia},
  booktitle={Computer Graphics Forum},
  volume={37},
  number={3},
  pages={183--194},
  year={2018},
  organization={Wiley Online Library}
}

@article{shi2019integral,
  title={Integral Curve Clustering and Simplification for Flow Visualization: A Comparative Evaluation},
  author={Shi, Lieyu and Laramee, Robert S and Chen, Guoning},
  journal={IEEE Transactions on Visualization and Computer Graphics},
  year={2019},
  publisher={IEEE}
}

@article{peng2013visualization,
  title={Visualization of flow past a marine turbine: the information-assisted search for sustainable energy},
  author={Peng, Zhenmin and Geng, Zhao and Nicholas, Michael and Laramee, Robert S and Croft, Nick and Malki, Rami and Masters, Ian and Hansen, Chuck},
  journal={Computing and Visualization in Science},
  volume={16},
  number={3},
  pages={89--103},
  year={2013},
  publisher={Springer}
}

@article{ferstl2015streamline,
  title={Streamline variability plots for characterizing the uncertainty in vector field ensembles},
  author={Ferstl, Florian and B{\"u}rger, Kai and Westermann, R{\"u}diger},
  journal={IEEE Transactions on Visualization and Computer Graphics},
  volume={22},
  number={1},
  pages={767--776},
  year={2015},
  publisher={IEEE}
}

@article{mcloughlin2015visualization,
  title={Visualization of input parameters for stream and pathline seeding},
  author={McLoughlin, Tony and Edmunds, Matt and Tong, Chao and Laramee, Robert S and Masters, Ian and Chen, Guoning and Max, Nelson and Yeh, Harry and Zhang, Eugene},
  journal={Int. J. Adv. Comput. Sci. Appl.(IJACSA)},
  volume={6},
  number={4},
  pages={124--135},
  year={2015}
}

@inproceedings{bujack2015moment,
  title={Moment invariants for 3D flow fields via normalization},
  author={Bujack, Roxana and Kasten, Jens and Hotz, Ingrid and Scheuermann, Gerik and Hitzer, Eckhard},
  booktitle={2015 IEEE Pacific visualization symposium (PacificVis)},
  pages={9--16},
  year={2015},
  organization={IEEE}
}
@inproceedings{bujack2017tensor,
  author       = {Roxana Bujack and Hans Hagen},
  editor       = {Evren Ozerslan and Thomas Schultz and Ingrid Hotz},
  publisher    = {Springer Basel AG},
    series       = {Mathematica and Visualization},
  booktitle    = {{Modelling, Analysis, and Visualization of Anisotropy}},
  title        = {{Moment Invariants for Multi-Dimensional Data}},
  ISBN = {978-3-319-61358-1},
  year         = {2017}
}

@article{jeong1995identification,
  title={On the identification of a vortex},
  author={Jeong, Jinhee and Hussain, Fazle},
  journal={Journal of fluid mechanics},
  volume={285},
  pages={69--94},
  year={1995},
  publisher={Cambridge University Press}
}

@article{pugmire2012parallel,
  title={Parallel integral curves},
  author={Pugmire, David and Peterka, Tom and Garth, Chistoph},
  journal={High Performance VisualizationâEnabling Extreme-Scale Scientific Insight},
  pages={91--113},
  year={2012},
  publisher={CRC Press/Francis--Taylor Group}
}

@inproceedings{pugmire2018performance,
booktitle = {Eurographics Symposium on Parallel Graphics and Visualization},
editor = {Hank Childs and Fernando Cucchietti},
title = {{Performance-Portable Particle Advection with VTK-m}},
author = {Pugmire, David and Yenpure, Abhishek and Kim, Mark and Kress, James and Maynard, Robert and Childs, Hank and Hentschel, Bernd},
year = {2018},
publisher = {The Eurographics Association},
ISSN = {1727-348X},
ISBN = {978-3-03868-054-3},
DOI = {10.2312/pgv.20181094}
}

@article{o2016cinema,
  title={Cinema image-based in situ analysis and visualization of MPAS-ocean simulations},
  author={OâLeary, Patrick and Ahrens, James and Jourdain, S{\'e}bastien and Wittenburg, Scott and Rogers, David H and Petersen, Mark},
  journal={Parallel Computing},
  volume={55},
  pages={43--48},
  year={2016},
  publisher={Elsevier}
}

@book{coddington2012introduction,
  title={An introduction to ordinary differential equations},
  author={Coddington, Earl A},
  year={2012},
  publisher={Courier Corporation}
}

@article{pearson1900x,
  title={X. On the criterion that a given system of deviations from the probable in the case of a correlated system of variables is such that it can be reasonably supposed to have arisen from random sampling},
  author={Pearson, Karl},
  journal={The London, Edinburgh, and Dublin Philosophical Magazine and Journal of Science},
  volume={50},
  number={302},
  pages={157--175},
  year={1900},
  publisher={Taylor \& Francis}
}

@article{khoury2010fractal,
  title={On the fractal dimension of isosurfaces},
  author={Khoury, Marc and Wenger, Rephael},
  journal={IEEE Transactions on Visualization and Computer Graphics},
  volume={16},
  number={6},
  pages={1198--1205},
  year={2010},
  publisher={IEEE}
}

@inproceedings{chen2011illustrative,
  title={An illustrative visualization framework for 3d vector fields},
  author={Chen, Cheng-Kai and Yan, Shi and Yu, Hongfeng and Max, Nelson and Ma, Kwan-Liu},
  booktitle={Computer Graphics Forum},
  volume={30},
  number={7},
  pages={1941--1951},
  year={2011},
  organization={Wiley Online Library}
}

@incollection{laramee2007topology,
  title={Topology-based flow visualization, the state of the art},
  author={Laramee, Robert S and Hauser, Helwig and Zhao, Lingxiao and Post, Frits H},
  booktitle={Topology-based methods in visualization},
  pages={1--19},
  year={2007},
  publisher={Springer}
}

@inproceedings{laramee2004state,
  title={The state of the art in flow visualization: Dense and texture-based techniques},
  author={Laramee, Robert S and Hauser, Helwig and Doleisch, Helmut and Vrolijk, Benjamin and Post, Frits H and Weiskopf, Daniel},
  booktitle={Computer Graphics Forum},
  volume={23},
  number={2},
  pages={203--221},
  year={2004},
  organization={Wiley Online Library}
}

@inproceedings{post2003state,
  title={The state of the art in flow visualisation: Feature extraction and tracking},
  author={Post, Frits H and Vrolijk, Benjamin and Hauser, Helwig and Laramee, Robert S and Doleisch, Helmut},
  booktitle={Computer Graphics Forum},
  volume={22},
  number={4},
  pages={775--792},
  year={2003},
  organization={Wiley Online Library}
}

@inproceedings{bauer2016situ,
  title={In situ methods, infrastructures, and applications on high performance computing platforms},
  author={Bauer, Andrew C and Abbasi, Hasan and Ahrens, James and Childs, Hank and Geveci, Berk and Klasky, Scott and Moreland, Kenneth and O'Leary, Patrick and Vishwanath, Venkatram and Whitlock, Brad and others},
  booktitle={Computer Graphics Forum},
  volume={35},
  number={3},
  pages={577--597},
  year={2016},
  organization={Wiley Online Library}
}

@inproceedings{fabian2011paraview,
  title={The paraview coprocessing library: A scalable, general purpose in situ visualization library},
  author={Fabian, Nathan and Moreland, Kenneth and Thompson, David and Bauer, Andrew C and Marion, Pat and Gevecik, Berk and Rasquin, Michel and Jansen, Kenneth E},
  booktitle={Large Data Analysis and Visualization (LDAV), 2011 IEEE Symposium on},
  pages={89--96},
  year={2011},
  organization={IEEE}
}

@inproceedings{moreland2011examples,
  title={Examples of in transit visualization},
  author={Moreland, Kenneth and Oldfield, Ron and Marion, Pat and Jourdain, Sebastien and Podhorszki, Norbert and Vishwanath, Venkatram and Fabian, Nathan and Docan, Ciprian and Parashar, Manish and Hereld, Mark and others},
  booktitle={Proceedings of the 2nd international workshop on Petascal data analytics: challenges and opportunities},
  pages={1--6},
  year={2011},
  organization={ACM}
}

@inproceedings{vishwanath2011toward,
  title={Toward simulation-time data analysis and i/o acceleration on leadership-class systems},
  author={Vishwanath, Venkatram and Hereld, Mark and Papka, Michael E},
  booktitle={Large Data Analysis and Visualization (LDAV), 2011 IEEE Symposium on},
  pages={9--14},
  year={2011},
  organization={IEEE}
}

@inproceedings{ahrens2014image,
  title={An image-based approach to extreme scale in situ visualization and analysis},
  author={Ahrens, James and Jourdain, S{\'e}bastien and O'Leary, Patrick and Patchett, John and Rogers, David H and Petersen, Mark},
  booktitle={Proceedings of the International Conference for High Performance Computing, Networking, Storage and Analysis},
  pages={424--434},
  year={2014},
  organization={IEEE Press}
}

@article{yu2010situ,
  title={In situ visualization for large-scale combustion simulations},
  author={Yu, Hongfeng and Wang, Chaoli and Grout, Ray W and Chen, Jacqueline H and Ma, Kwan-Liu},
  journal={IEEE computer graphics and applications},
  volume={30},
  number={3},
  pages={45--57},
  year={2010},
  publisher={IEEE}
}

@article{sauer2016combined,
  title={A Combined Eulerian-Lagrangian Data Representation for Large-scale Applications},
  author={Sauer, Franz and Xie, Jinrong and Ma, Kwan-Liu},
  journal={IEEE Transactions on Visualization and Computer Graphics},
  year={2016},
  publisher={IEEE}
}

@inproceedings{Whitlock_Favre_Meredith_2011,
 author = {Whitlock, Brad and Favre, Jean M. and Meredith, Jeremy S.},
 title = {Parallel in Situ Coupling of Simulation with a Fully Featured Visualization System},
 booktitle = {Proceedings of the 11th Eurographics Conference on Parallel Graphics and Visualization},
 series = {EGPGV '11},
 year = {2011},
 isbn = {978-3-905674-32-3},
 location = {Llandudno, UK},
 pages = {101--109},
 numpages = {9},
 url = {http://dx.doi.org/10.2312/EGPGV/EGPGV11/101-109},
 acmid = {2386245},
 publisher = {Eurographics Association},
}


@article{vetter2017development,
  title={Development and integration of an in-situ framework for flow visualization of large-scale, unsteady phenomena in ICON},
  author={Vetter, Michael and Olbrich, Stephan},
  journal={Supercomputing Frontiers and Innovations},
  volume={4},
  number={3},
  pages={55--67},
  year={2017}
}

@inproceedings{ebling2003clifford,
  title={Clifford convolution and pattern matching on vector fields},
  author={Ebling, Julia and Scheuermann, Gerik},
  booktitle={Proceedings of the 14th IEEE Visualization 2003 (VIS'03)},
  pages={26},
  year={2003},
  organization={IEEE Computer Society}
}

@inproceedings{ebling2006segmentation,
  title={Segmentation of flow fields using pattern matching},
  author={Ebling, Julia and Scheuermann, Gerik},
  booktitle={Proceedings of the Eighth Joint Eurographics/IEEE VGTC conference on Visualization},
  pages={147--154},
  year={2006},
  organization={Eurographics Association}
}

@article{heiberg2003three,
  title={Three-dimensional flow characterization using vector pattern matching},
  author={Heiberg, Einar and Ebbers, Tino and Wigstrom, Lars and Karlsson, Matts},
  journal={IEEE Transactions on Visualization and Computer Graphics},
  volume={9},
  number={3},
  pages={313--319},
  year={2003},
  publisher={IEEE}
}

@article{schlemmer2007moment,
  title={Moment invariants for the analysis of 2D flow fields},
  author={Schlemmer, Michael and Heringer, Manuel and Morr, Florian and Hotz, Ingrid and Hering-Bertram, Martin and Garth, Christoph and Kollmann, Wolfgang and Hamann, Bernd and Hagen, Hans},
  journal={IEEE Transactions on Visualization and Computer Graphics},
  volume={13},
  number={6},
  pages={1743--1750},
  year={2007},
  publisher={IEEE}
}

@inproceedings{bujack2014moment,
  title={Moment invariants for 2d flow fields using normalization},
  author={Bujack, Roxana and Hotz, Ingrid and Scheuermann, Gerik and Hitzer, Eckhard},
  booktitle={Visualization Symposium (PacificVis), 2014 IEEE Pacific},
  pages={41--48},
  year={2014},
  organization={IEEE}
}

@article{rossl2012streamline,
  title={Streamline embedding for 3D vector field exploration},
  author={Rossl, Christian and Theisel, Holger},
  journal={IEEE Transactions on Visualization and Computer Graphics},
  volume={18},
  number={3},
  pages={407--420},
  year={2012},
  publisher={IEEE}
}

@article{maaten2008visualizing,
  title={Visualizing data using t-SNE},
  author={Maaten, Laurens van der and Hinton, Geoffrey},
  journal={Journal of machine learning research},
  volume={9},
  number={Nov},
  pages={2579--2605},
  year={2008}
}

@inproceedings{ester1996density,
  title={A density-based algorithm for discovering clusters in large spatial databases with noise.},
  author={Ester, Martin and Kriegel, Hans-Peter and Sander, J{\"o}rg and Xu, Xiaowei and others},
  booktitle={Kdd},
  volume={96},
  number={34},
  pages={226--231},
  year={1996}
}

@inproceedings{Shi2017MetricbasedCC,
  title={Metric-based Curve Clustering and Feature Extraction in Flow Visualization},
  author={Lieyu Shi and Guoning Chen},
  year={2017}
}

@article{oeltze2014blood,
  title={Blood flow clustering and applications invirtual stenting of intracranial aneurysms},
  author={Oeltze, Steffen and Lehmann, Dirk J and Kuhn, Alexander and Janiga, G{\'a}bor and Theisel, Holger and Preim, Bernhard},
  journal={IEEE Transactions on Visualization and Computer Graphics},
  volume={20},
  number={5},
  pages={686--701},
  year={2014},
  publisher={IEEE}
}

@inproceedings{ma2014flowtour,
  title={FlowTour: An automatic guide for exploring internal flow features},
  author={Ma, Jun and Walker, James and Wang, Chaoli and Kuhl, Scott and Shene, Ching Kuang},
  booktitle={Visualization Symposium (PacificVis), 2014 IEEE Pacific},
  pages={25--32},
  year={2014},
  organization={IEEE}
}

@article{chaudhuri2014exploring,
  title={Exploring flow fields using space-filling analysis of streamlines},
  author={Chaudhuri, Abon and Lee, Teng-Yok and Shen, Han-Wei and Wenger, Rephael},
  journal={IEEE transactions on visualization and computer graphics},
  volume={20},
  number={10},
  pages={1392--1404},
  year={2014},
  publisher={IEEE}
}

@article{frey2007clustering,
  title={Clustering by passing messages between data points},
  author={Frey, Brendan J and Dueck, Delbert},
  journal={science},
  volume={315},
  number={5814},
  pages={972--976},
  year={2007},
  publisher={American Association for the Advancement of Science}
}

@inproceedings{wang2017stream,
  title={Stream Line--Based Pattern Search in Flows},
  author={Wang, Zhongjie and Esturo, J Martinez and Seidel, H-P and Weinkauf, Tino},
  booktitle={Computer Graphics Forum},
  volume={36},
  number={8},
  pages={7--18},
  year={2017},
  organization={Wiley Online Library}
}

@inproceedings{annen2008vector,
  title={Vector field contours},
  author={Annen, Thomas and Theisel, Holger and R{\"o}ssl, Christian and Ziegler, Gernot and Seidel, H-P},
  booktitle={Proceedings of Graphics Interface 2008},
  pages={97--105},
  year={2008},
  organization={Canadian Information Processing Society}
}

@article{furuya2008streamline,
  title={A streamline selection technique for integrated scalar and vector visualization},
  author={Furuya, Shiho and Itoh, Takayuki},
  journal={Vis {\v{S}}08: IEEE Visualization Poster Session},
  volume={2},
  number={4},
  year={2008}
}

@inproceedings{brun2004clustering,
  title={Clustering fiber traces using normalized cuts},
  author={Brun, Anders and Knutsson, Hans and Park, Hae-Jeong and Shenton, Martha E and Westin, Carl-Fredrik},
  booktitle={International Conference on Medical Image Computing and Computer-Assisted Intervention},
  pages={368--375},
  year={2004},
  organization={Springer}
}

@article{maddah2008unified,
  title={A unified framework for clustering and quantitative analysis of white matter fiber tracts},
  author={Maddah, Mahnaz and Grimson, W Eric L and Warfield, Simon K and Wells, William M},
  journal={Medical image analysis},
  volume={12},
  number={2},
  pages={191--202},
  year={2008},
  publisher={Elsevier}
}

@inproceedings{moberts2005evaluation,
  title={Evaluation of fiber clustering methods for diffusion tensor imaging},
  author={Moberts, Bart and Vilanova, Anna and Van Wijk, Jarke J},
  booktitle={Visualization, 2005. VIS 05. IEEE},
  pages={65--72},
  year={2005},
  organization={IEEE}
}

@inproceedings{o2005white,
  title={White matter tract clustering and correspondence in populations},
  author={OâDonnell, Lauren and Westin, Carl-Fredrik},
  booktitle={International Conference on Medical Image Computing and Computer-Assisted Intervention},
  pages={140--147},
  year={2005},
  organization={Springer}
}

@inproceedings{tsai2007fiber,
  title={Fiber tract clustering on manifolds with dual rooted-graphs},
  author={Tsai, Andy and Westin, Carl-Fredrik and Hero, Alfred O and Willsky, Alan S},
  booktitle={Computer Vision and Pattern Recognition, 2007. CVPR'07. IEEE Conference on},
  pages={1--6},
  year={2007},
  organization={IEEE}
}

@article{wagner1974string,
  title={The string-to-string correction problem},
  author={Wagner, Robert A and Fischer, Michael J},
  journal={Journal of the ACM (JACM)},
  volume={21},
  number={1},
  pages={168--173},
  year={1974},
  publisher={ACM}
}

@article{wolfson1990curve,
  title={On curve matching},
  author={Wolfson, Haim J},
  journal={IEEE Transactions on Pattern Analysis \& Machine Intelligence},
  number={5},
  pages={483--489},
  year={1990},
  publisher={IEEE}
}

@article{rodriguez20043,
  title={3-dimensional curve similarity using string matching},
  author={Rodriguez, Wladimir and Last, Mark and Kandel, Abraham and Bunke, Horst},
  journal={Robotics and Autonomous Systems},
  volume={49},
  number={3-4},
  pages={165--172},
  year={2004},
  publisher={Elsevier}
}

@article{bunke1993applications,
  title={Applications of approximate string matching to 2D shape recognition},
  author={Bunke, Horst and B{\"u}hler, Urs},
  journal={Pattern recognition},
  volume={26},
  number={12},
  pages={1797--1812},
  year={1993},
  publisher={Elsevier}
}

@article{wang2014pattern,
  title={Pattern search in flows based on similarity of stream line segments},
  author={Wang, Zhongjie and Esturo, Janick Martinez and Seidel, Hans-Peter and Weinkauf, Tino},
  year={2014},
  publisher={The Eurographics Association}
}

@inproceedings{wei2010sketch,
  title={A sketch-based interface for classifying and visualizing vector fields},
  author={Wei, Jishang and Wang, Chaoli and Yu, Hongfeng and Ma, Kwan-Liu},
  booktitle={Visualization Symposium (PacificVis), 2010 IEEE Pacific},
  pages={129--136},
  year={2010},
  organization={IEEE}
}

@incollection{shi2009path,
  title={Path line attributes-an information visualization approach to analyzing the dynamic behavior of 3D time-dependent flow fields},
  author={Shi, Kuangyu and Theisel, Holger and Hauser, Helwig and Weinkauf, Tino and Matkovic, Kresimir and Hege, Hans-Christian and Seidel, Hans-Peter},
  booktitle={Topology-Based Methods in Visualization II},
  pages={75--88},
  year={2009},
  publisher={Springer}
}

@book{abraham2012manifolds,
  title={Manifolds, tensor analysis, and applications},
  author={Abraham, Ralph and Marsden, Jerrold E and Ratiu, Tudor},
  volume={75},
  year={2012},
  publisher={Springer Science \& Business Media}
}

@article{gunther2013opacity,
  title={Opacity optimization for 3D line fields},
  author={G{\"u}nther, Tobias and R{\"o}ssl, Christian and Theisel, Holger},
  journal={ACM Transactions on Graphics (TOG)},
  volume={32},
  number={4},
  pages={120},
  year={2013},
  publisher={ACM}
}

@inproceedings{gunther2014hierarchical,
  title={Hierarchical opacity optimization for sets of 3D line fields},
  author={G{\"u}nther, Tobias and R{\"o}ssl, Christian and Theisel, Holger},
  booktitle={Computer Graphics Forum},
  volume={33},
  number={2},
  pages={507--516},
  year={2014},
  organization={Wiley Online Library}
}

@article{zhang2016flow,
  title={Flow visualization based on a derived rotation field},
  author={Zhang, Lei and Chen, Guoning and Laramee, Robert S and Thompson, David and Sescu, Adrian},
  journal={Electronic Imaging},
  volume={2016},
  number={1},
  pages={1--10},
  year={2016},
  publisher={Society for Imaging Science and Technology}
}

@article{cook1986stochastic,
  title={Stochastic sampling in computer graphics},
  author={Cook, Robert L},
  journal={ACM Transactions on Graphics (TOG)},
  volume={5},
  number={1},
  pages={51--72},
  year={1986},
  publisher={ACM}
}

@incollection{shewchuk1996triangle,
  title={Triangle: Engineering a 2D quality mesh generator and Delaunay triangulator},
  author={Shewchuk, Jonathan Richard},
  booktitle={Applied computational geometry towards geometric engineering},
  pages={203--222},
  year={1996},
  publisher={Springer}
}

@inproceedings{bancroft1990fast,
  title={FAST: a multi-processed environment for visualization of computational fluid dynamics},
  author={Bancroft, Gordon V and Merritt, Fergus J and Plessel, Todd C and Kelaita, Paul G and McCabe, R Kevin and Globus, Al},
  booktitle={Visualization, 1990. Visualization'90., Proceedings of the First IEEE Conference on},
  pages={14--27},
  year={1990},
  organization={IEEE}
}

@article{han2019flow,
  title={Flow Field Reduction Via Reconstructing Vector Data From 3-D Streamlines Using Deep Learning},
  author={Han, Jun and Tao, Jun and Zheng, Hao and Guo, Hanqi and Chen, Danny Z and Wang, Chaoli},
  journal={IEEE computer graphics and applications},
  volume={39},
  number={4},
  pages={54--67},
  year={2019},
  publisher={IEEE}
}

@article{han2018flownet,
  title={FlowNet: A Deep Learning Framework for Clustering and Selection of Streamlines and Stream Surfaces},
  author={Han, Jun and Tao, Jun and Wang, Chaoli},
  journal={IEEE transactions on visualization and computer graphics},
  year={2018},
  publisher={IEEE}
}

@inproceedings{treinish2000multi,
  title={Multi-resolution visualization techniques for nested weather models},
  author={Treinish, Lloyd A},
  booktitle={Proceedings of the conference on Visualization'00},
  pages={513--516},
  year={2000},
  organization={IEEE Computer Society Press}
}

@inproceedings{liu2008interactive,
  title={Interactive view-driven evenly spaced streamline placement},
  author={Liu, Zhanping and Moorhead, Robert J},
  booktitle={Visualization and Data Analysis 2008},
  volume={6809},
  pages={68090A},
  year={2008},
  organization={International Society for Optics and Photonics}
}

@article{liu2007robust,
  title={Robust loop detection for interactively placing evenly spaced streamlines},
  author={Liu, Zhanping and Moorhead II, Robert J},
  journal={Computing in Science \& Engineering},
  volume={9},
  number={4},
  pages={86--91},
  year={2007},
  publisher={IEEE}
}

@inproceedings{li2003chameleon,
  title={Chameleon: An interactive texture-based rendering framework for visualizing three-dimensional vector fields},
  author={Li, Guo-Shi and Bordoloi, Udeepta D and Shen, Han-Wei},
  booktitle={Visualization, 2003. VIS 2003. IEEE},
  pages={241--248},
  year={2003},
  organization={IEEE}
}

@inproceedings{jiang2002geometric,
  title={Geometric verification of swirling features in flow fields},
  author={Jiang, Ming and Machiraju, Raghu and Thompson, David},
  booktitle={Proceedings of the Conference on Visualization'02},
  pages={307--314},
  year={2002},
  organization={IEEE Computer Society}
}

@inproceedings{roth1998higher,
  title={A higher-order method for finding vortex core lines},
  author={Roth, Martin and Peikert, Ronald},
  booktitle={Proceedings of the conference on Visualization'98},
  pages={143--150},
  year={1998},
  organization={IEEE Computer Society Press}
}

@inproceedings{sujudi1995identification,
  title={Identification of swirling flow in 3-D vector fields},
  author={Sujudi, David and Haimes, Robert},
  booktitle={12th Computational Fluid Dynamics Conference},
  pages={1715},
  year={1995}
}

@inproceedings{fuhrmann1998real,
  title={Real-time techniques for 3D flow visualization},
  author={Fuhrmann, Anton and Gr{\"o}ller, Eduard},
  booktitle={Proceedings of the conference on Visualization'98},
  pages={305--312},
  year={1998},
  organization={IEEE Computer Society Press}
}

@article{kruger2005particle,
  title={A particle system for interactive visualization of 3D flows},
  author={Kruger, Jens and Kipfer, Peter and Konclratieva, P and Westermann, R{\"u}diger},
  journal={IEEE Transactions on visualization and computer graphics},
  volume={11},
  number={6},
  pages={744--756},
  year={2005},
  publisher={IEEE}
}

@inproceedings{burger2008importance,
  title={Importance-driven particle techniques for flow visualization},
  author={Burger, Kai and Kondratieva, Polina and Kruger, Jens and Westermann, Rudiger},
  booktitle={Visualization Symposium, 2008. PacificVIS'08. IEEE Pacific},
  pages={71--78},
  year={2008},
  organization={Citeseer}
}

@article{van2011interactive,
  title={Interactive virtual probing of 4D MRI blood-flow},
  author={Van Pelt, Roy and Bescos, Javier Olivan and Breeuwer, Marcel and Clough, Rachel E and Groller, M Eduard and ter Haar Romenij, Bart and Vilanova, Anna},
  journal={IEEE Transactions on Visualization and Computer Graphics},
  volume={17},
  number={12},
  pages={2153--2162},
  year={2011},
  publisher={IEEE}
}


@article{orf2016visualization,
  title={Visualization of a simulated long-track EF5 tornado embedded within a supercell thunderstorm},
  author={Orf, Leigh and Wilhelmson, Robert and Wicker, Louis},
  journal={Parallel Computing},
  volume={55},
  pages={28--34},
  year={2016},
  publisher={Elsevier}
}

@inproceedings{agranovsky2014improved,
  title={{Improved Post Hoc Flow Analysis via Lagrangian Representations}},
  author={Agranovsky, Alexy and Camp, David and Garth, Christoph and Bethel, E Wes and Joy, Kenneth I and Childs, Hank},
  booktitle={IEEE Symposium on Large Data Analysis and Visualization (LDAV)},
  pages={67--75},
  month=nov,
  year={2014},
}

@inproceedings{agranovsky2011extracting,
  title={Extracting flow structures using sparse particles.},
  author={Agranovsky, Alexy and Garth, Christoph and Joy, Kenneth I},
  booktitle={VMV},
  pages={153--160},
  year={2011}
}

@inproceedings{mao1998image,
  title={Image-guided streamline placement on curvilinear grid surfaces},
  author={Mao, Xiaoyang and Hatanaka, Yuji and Higashida, Hidenori and Imamiya, Atsumi},
  booktitle={Visualization'98. Proceedings},
  pages={135--142},
  year={1998},
  organization={IEEE}
}

@inproceedings{oudot2003provably,
  title={Provably Good Surface Sampling and Approximation.},
  author={Oudot, Steve and Boissonnat, Jean-Daniel},
  booktitle={Symposium on Geometry Processing},
  pages={9--18},
  year={2003}
}

@article{eldar1997farthest,
  title={The farthest point strategy for progressive image sampling},
  author={Eldar, Yuval and Lindenbaum, Michael and Porat, Moshe and Zeevi, Yehoshua Y},
  journal={IEEE Transactions on Image Processing},
  volume={6},
  number={9},
  pages={1305--1315},
  year={1997},
  publisher={IEEE}
}

@inproceedings{edelsbrunner2001sink,
  title={Sink-insertion for mesh improvement},
  author={Edelsbrunner, Herbert and Guoy, Damrong},
  booktitle={Proceedings of the seventeenth annual symposium on Computational geometry},
  pages={115--123},
  year={2001},
  organization={ACM}
}

@inproceedings{chew1993guaranteed,
  title={Guaranteed-quality mesh generation for curved surfaces},
  author={Chew, L Paul},
  booktitle={Proceedings of the ninth annual symposium on Computational geometry},
  pages={274--280},
  year={1993},
  organization={ACM}
}

@article{jobard2001multiresolution,
  title={Multiresolution flow visualization},
  author={Jobard, Bruno and Lefer, Wilfrid},
  year={2001},
  publisher={V{\'a}clav Skala-UNION Agency}
}

@inproceedings{heckel1999construction,
  title={Construction of vector field hierarchies},
  author={Heckel, Bjoern and Weber, Gunther and Hamann, Bernd and Joy, Kenneth I},
  booktitle={Proceedings of the conference on Visualization'99: celebrating ten years},
  pages={19--25},
  year={1999},
  organization={IEEE Computer Society Press}
}

@inproceedings{telea1999simplified,
  title={Simplified representation of vector fields},
  author={Telea, Alexandru and Van Wijk, Jarke J},
  booktitle={Proceedings of the conference on Visualization'99: celebrating ten years},
  pages={35--42},
  year={1999},
  organization={IEEE Computer Society Press}
}

@article{van1991spot,
  title={Spot noise texture synthesis for data visualization},
  author={Van Wijk, Jarke J},
  journal={ACM Siggraph Computer Graphics},
  volume={25},
  number={4},
  pages={309--318},
  year={1991},
  publisher={ACM}
}

@inproceedings{cabral1993imaging,
  title={Imaging vector fields using line integral convolution},
  author={Cabral, Brian and Leedom, Leith Casey},
  booktitle={Proceedings of the 20th annual conference on Computer graphics and interactive techniques},
  pages={263--270},
  year={1993},
  organization={ACM}
}

@inproceedings{stalling1995fast,
  title={Fast and resolution independent line integral convolution},
  author={Stalling, Detlev and Hege, Hans-Christian},
  booktitle={Proceedings of the 22nd annual conference on Computer graphics and interactive techniques},
  pages={249--256},
  year={1995},
  organization={ACM}
}

@inproceedings{max1994visualizing,
  title={Visualizing 3D velocity fields near contour surfaces},
  author={Max, Nelson and Crawfis, Roger and Grant, Charles},
  booktitle={Proceedings of the conference on Visualization'94},
  pages={248--255},
  year={1994},
  organization={IEEE Computer Society Press}
}

@ARTICLE{646239, 
author={Shyh-Kuang Ueng and C. Sikorski and Kwan-Liu Ma}, 
journal={IEEE Transactions on Visualization and Computer Graphics}, 
title={Out-of-core streamline visualization on large unstructured meshes}, 
year={1997}, 
volume={3}, 
number={4}, 
pages={370-380}, 
ISSN={1077-2626}, 
month={Oct},}

@inproceedings{agranovsky2015multi,
  title={A multi-resolution interpolation scheme for pathline based Lagrangian flow representations},
  author={Agranovsky, Alexy and Obermaier, Harald and Garth, Christoph and Joy, Kenneth I},
  booktitle={Visualization and Data Analysis 2015},
  volume={9397},
  pages={93970K},
  year={2015},
  organization={International Society for Optics and Photonics}
}

@article{chandler2015interpolation,
  title={Interpolation-based pathline tracing in particle-based flow visualization},
  author={Chandler, Jennifer and Obermaier, Harald and Joy, Kenneth I},
  journal={IEEE transactions on visualization and computer graphics},
  volume={21},
  number={1},
  pages={68--80},
  year={2015},
  publisher={IEEE}
}

@inproceedings{chandler2016analysis,
  title={Analysis of error in interpolation-based pathline tracing},
  author={Chandler, Jennifer and Bujack, Roxana and Joy, Kenneth I},
  booktitle={Proceedings of the Eurographics/IEEE VGTC Conference on Visualization: Short Papers},
  pages={1--5},
  year={2016},
  organization={Eurographics Association}
}

@inproceedings{bujack2015lagrangian,
  title={Lagrangian representations of flow fields with parameter curves},
  author={Bujack, Roxana and Joy, Kenneth I},
  booktitle={Large Data Analysis and Visualization (LDAV), 2015 IEEE 5th Symposium on},
  pages={41--48},
  year={2015},
  organization={IEEE}
}

@inproceedings{hummel2016error,
  title={Error estimates for Lagrangian flow field representations},
  author={Hummel, Mathias and Bujack, Roxana and Joy, Kenneth I and Garth, Christoph},
  booktitle={Proceedings of the Eurographics/IEEE VGTC Conference on Visualization: Short Papers},
  pages={7--11},
  year={2016},
  organization={Eurographics Association}
}

@article{garth2007efficient,
  title={Efficient computation and visualization of coherent structures in fluid flow applications},
  author={Garth, Christoph and Gerhardt, Florian and Tricoche, Xavier and Hans, Hagen},
  journal={IEEE Transactions on Visualization and Computer Graphics},
  volume={13},
  number={6},
  pages={1464--1471},
  year={2007},
  publisher={IEEE}
}

@inproceedings{garth2008lagrangian,
  title={Lagrangian Visualization of Flow-Embedded Surface Structures},
  author={Garth, Christoph and Wiebel, Alexander and Tricoche, Xavier and Joy, Ken and Scheuermann, Gerik},
  booktitle={Computer Graphics Forum},
  volume={27},
  number={3},
  pages={1007--1014},
  year={2008},
  organization={Wiley Online Library}
}

@incollection{garth2009visualization,
  title={Visualization of coherent structures in transient 2d flows},
  author={Garth, Christoph and Li, Guo-Shi and Tricoche, Xavier and Hansen, Charles D and Hagen, Hans},
  booktitle={Topology-Based Methods in Visualization II},
  pages={1--13},
  year={2009},
  publisher={Springer}
}

@article{haller2000finding,
  title={Finding finite-time invariant manifolds in two-dimensional velocity fields},
  author={Haller, George},
  journal={Chaos: An Interdisciplinary Journal of Nonlinear Science},
  volume={10},
  number={1},
  pages={99--108},
  year={2000},
  publisher={AIP}
}

@article{haller2001distinguished,
  title={Distinguished material surfaces and coherent structures in three-dimensional fluid flows},
  author={Haller, George},
  journal={Physica D: Nonlinear Phenomena},
  volume={149},
  number={4},
  pages={248--277},
  year={2001},
  publisher={Elsevier}
}

@article{haller2000lagrangian,
  title={Lagrangian coherent structures and mixing in two-dimensional turbulence},
  author={Haller, George and Yuan, Guocheng},
  journal={Physica D: Nonlinear Phenomena},
  volume={147},
  number={3-4},
  pages={352--370},
  year={2000},
  publisher={Elsevier}
}

@article{hlawatsch2011hierarchical,
  title={Hierarchical line integration},
  author={Hlawatsch, Marcel and Sadlo, Filip and Weiskopf, Daniel},
  journal={IEEE transactions on visualization and computer graphics},
  volume={17},
  number={8},
  pages={1148--1163},
  year={2011},
  publisher={IEEE}
}

@article{sadlo2007efficient,
  title={Efficient visualization of Lagrangian coherent structures by filtered AMR ridge extraction},
  author={Sadlo, Filip and Peikert, Ronald},
  journal={IEEE Transactions on Visualization and Computer Graphics},
  volume={13},
  number={6},
  pages={1456--1463},
  year={2007},
  publisher={IEEE}
}

@inproceedings{peikert2009topologically,
  title={Topologically relevant stream surfaces for flow visualization},
  author={Peikert, Ronald and Sadlo, Filip},
  booktitle={Proceedings of the 25th Spring Conference on Computer Graphics},
  pages={35--42},
  year={2009},
  organization={ACM}
}

@incollection{sadlo2011time,
  title={Time-dependent visualization of lagrangian coherent structures by grid advection},
  author={Sadlo, Filip and Rigazzi, Alessandro and Peikert, Ronald},
  booktitle={Topological Methods in Data Analysis and Visualization},
  pages={151--165},
  year={2011},
  publisher={Springer}
}

@article{jobard2002lagrangian,
  title={Lagrangian-Eulerian advection of noise and dye textures for unsteady flow visualization},
  author={Jobard, Bruno and Erlebacher, Gordon and Hussaini, M Yousuff},
  journal={IEEE Transactions on Visualization and Computer Graphics},
  volume={8},
  number={3},
  pages={211--222},
  year={2002},
  publisher={IEEE}
}

@inproceedings{jobard2001lagrangian,
  title={Lagrangian-eulerian advection for unsteady flow visualization},
  author={Jobard, Bruno and Erlebacher, Gordon and Hussaini, M Yousuff},
  booktitle={Proceedings of the conference on Visualization'01},
  pages={53--60},
  year={2001},
  organization={IEEE Computer Society}
}

@article{salzbrunn2006streamline,
  title={Streamline predicates},
  author={Salzbrunn, Tobias and Scheuermann, Gerik},
  journal={IEEE Transactions on Visualization and Computer Graphics},
  volume={12},
  number={6},
  pages={1601--1612},
  year={2006},
  publisher={IEEE}
}

@article{salzbrunn2008pathline,
  title={Pathline predicates and unsteady flow structures},
  author={Salzbrunn, Tobias and Garth, Christoph and Scheuermann, Gerik and Meyer, Joerg},
  journal={The Visual Computer},
  volume={24},
  number={12},
  pages={1039--1051},
  year={2008},
  publisher={Springer}
}

@article{green2007detection,
  title={Detection of Lagrangian coherent structures in three-dimensional turbulence},
  author={Green, Melissa A and Rowley, Clarence W and Haller, George},
  journal={Journal of Fluid Mechanics},
  volume={572},
  pages={111--120},
  year={2007},
  publisher={Cambridge University Press}
}

@article{hummel2013comparative,
  title={Comparative visual analysis of Lagrangian transport in CFD ensembles},
  author={Hummel, Mathias and Obermaier, Harald and Garth, Christoph and Joy, Kenneth I},
  journal={IEEE Transactions on Visualization and Computer Graphics},
  volume={19},
  number={12},
  pages={2743--2752},
  year={2013},
  publisher={IEEE}
}


@inproceedings{pugmire2009scalable,
  title={Scalable computation of streamlines on very large datasets},
  author={Pugmire, Dave and Childs, Hank and Garth, Christoph and Ahern, Sean and Weber, Gunther H},
  booktitle={Proceedings of the Conference on High Performance Computing Networking, Storage and Analysis},
  pages={16},
  year={2009},
  organization={ACM}
}

@INPROCEEDINGS{peterka2011study, 
author={T. Peterka and R. Ross and B. Nouanesengsy and T. Y. Lee and H. W. Shen and W. Kendall and J. Huang}, 
booktitle={2011 IEEE International Parallel Distributed Processing Symposium}, 
title={A Study of Parallel Particle Tracing for Steady-State and Time-Varying Flow Fields}, 
year={2011}, 
volume={}, 
number={}, 
pages={580-591}, 
doi={10.1109/IPDPS.2011.62}, 
ISSN={1530-2075}, 
month={May},}

@INPROCEEDINGS{chen2008optimizing, 
author={Li Chen and I. Fujishiro}, 
booktitle={2008 IEEE Pacific Visualization Symposium}, 
title={Optimizing Parallel Performance of Streamline Visualization for Large Distributed Flow Datasets}, 
year={2008}, 
volume={}, 
number={}, 
pages={87-94}, 
ISSN={2165-8765}, 
month={March},}

@article{nouanesengsy2011load,
  title={Load-balanced parallel streamline generation on large scale vector fields},
  author={Nouanesengsy, Boonthanome and Lee, Teng-Yok and Shen, Han-Wei},
  journal={IEEE Transactions on Visualization and Computer Graphics},
  volume={17},
  number={12},
  pages={1785--1794},
  year={2011},
  publisher={IEEE}
}

@inproceedings{childs2014particle,
  title={Particle advection performance over varied architectures and workloads},
  author={Childs, Hank and Biersdorff, Scott and Poliakoff, David and Camp, David and Malony, Allen D},
  booktitle={High Performance Computing (HiPC), 2014 21st International Conference on},
  pages={1--10},
  year={2014},
  organization={IEEE}
}

@article{camp2011streamline,
  title={Streamline integration using MPI-hybrid parallelism on a large multicore architecture},
  author={Camp, David and Garth, Christoph and Childs, Hank and Pugmire, David and Joy, Kenneth},
  journal={IEEE Transactions on Visualization and Computer Graphics},
  volume={17},
  number={11},
  pages={1702--1713},
  year={2011},
  publisher={IEEE}
}

@inproceedings{camp2012parallel,
  title={Parallel stream surface computation for large data sets},
  author={Camp, David and Childs, Hank and Garth, Christoph and Pugmire, David and Joy, Kenneth I},
  booktitle={Large Data Analysis and Visualization (LDAV), 2012 IEEE Symposium on},
  pages={39--47},
  year={2012},
  organization={IEEE}
}

@inproceedings{nouanesengsy2012parallel,
  title={Parallel particle advection and FTLE computation for time-varying flow fields},
  author={Nouanesengsy, Boonthanome and Lee, Teng-Yok and Lu, Kewei and Shen, Han-Wei and Peterka, Tom},
  booktitle={Proceedings of the International Conference on High Performance Computing, Networking, Storage and Analysis},
  pages={61},
  year={2012},
  organization={IEEE Computer Society Press}
}

@inproceedings{guo2014scalable,
  title={Scalable Lagrangian-based attribute space projection for multivariate unsteady flow data},
  author={Guo, Hanqi and Hong, Fan and Shu, Qingya and Zhang, Jiang and Huang, Jian and Yuan, Xiaoru},
  booktitle={Visualization Symposium (PacificVis), 2014 IEEE Pacific},
  pages={33--40},
  year={2014},
  organization={IEEE}
}

@inproceedings{camp2013gpu,
 author = {Camp, David and Krishnan, Hari and Pugmire, David and Garth, Christoph and Johnson, Ian and Bethel, E. Wes and Joy, Kenneth I. and Childs, Hank},
 title = {GPU Acceleration of Particle Advection Workloads in a Parallel, Distributed Memory Setting},
 booktitle = {Proceedings of the 13th Eurographics Symposium on Parallel Graphics and Visualization},
 series = {EGPGV '13},
 year = {2013},
 isbn = {978-3-905674-45-3},
 location = {Girona, Spain},
 pages = {1--8},
 numpages = {8},
 url = {http://dx.doi.org/10.2312/EGPGV/EGPGV13/001-008},
 doi = {10.2312/EGPGV/EGPGV13/001-008},
 acmid = {2602121},
 publisher = {Eurographics Association},
 address = {Aire-la-Ville, Switzerland, Switzerland},
} 

@inproceedings{muller2013distributed,
  title={Distributed parallel particle advection using work requesting},
  author={Muller, Cornelius and Camp, David and Hentschel, Bernd and Garth, Christoph},
  booktitle={Large-Scale Data Analysis and Visualization (LDAV), 2013 IEEE Symposium on},
  pages={1--6},
  year={2013},
  organization={IEEE}
}

@inproceedings{lu2014scalable,
  title={Scalable computation of stream surfaces on large scale vector fields},
  author={Lu, Kewei and Shen, Han-Wei and Peterka, Tom},
  booktitle={Proceedings of the international conference for high performance computing, networking, storage and analysis},
  pages={1008--1019},
  year={2014},
  organization={IEEE Press}
}

@article{guo2014advection,
  title={Advection-based sparse data management for visualizing unsteady flow},
  author={Guo, Hanqi and Zhang, Jiang and Liu, Richen and Liu, Lu and Yuan, Xiaoru and Huang, Jian and Meng, Xiangfei and Pan, Jingshan},
  journal={IEEE transactions on visualization and computer graphics},
  volume={20},
  number={12},
  pages={2555--2564},
  year={2014},
  publisher={IEEE}
}

@inproceedings{zhang2016efficient,
  title={Efficient unsteady flow visualization with high-order access dependencies},
  author={Zhang, Jiang and Guo, Hanqi and Yuan, Xiaoru},
  booktitle={Pacific Visualization Symposium (PacificVis), 2016 IEEE},
  pages={80--87},
  year={2016},
  organization={IEEE}
}

@article{zhang2018dynamic,
  title={Dynamic load balancing based on constrained kd tree decomposition for parallel particle tracing},
  author={Zhang, Jiang and Guo, Hanqi and Hong, Fan and Yuan, Xiaoru and Peterka, Tom},
  journal={IEEE transactions on visualization and computer graphics},
  volume={24},
  number={1},
  pages={954--963},
  year={2018},
  publisher={IEEE}
}

@inproceedings{chen2013graph,
  title={Graph-based seed scheduling for out-of-core FTLE and pathline computation},
  author={Chen, Chun-Ming and Shen, Han-Wei},
  booktitle={Large-Scale Data Analysis and Visualization (LDAV), 2013 IEEE Symposium on},
  pages={15--23},
  year={2013},
  organization={IEEE}
}

@inproceedings{camp2011evaluating,
  title={Evaluating the benefits of an extended memory hierarchy for parallel streamline algorithms},
  author={Camp, David and Childs, Hank and Chourasia, Amit and Garth, Christoph and Joy, Kenneth I},
  booktitle={Large Data Analysis and Visualization (LDAV), 2011 IEEE Symposium on},
  pages={57--64},
  year={2011},
  organization={IEEE}
}

@article{zhang2013parallel,
  title={Parallel streamline placement for 2D flow fields},
  author={Zhang, Wenyao and Wang, Yi and Zhan, Jianfeng and Liu, Beichen and Ning, Jianguo},
  journal={IEEE transactions on visualization and computer graphics},
  volume={19},
  number={7},
  pages={1185--1198},
  year={2013},
  publisher={IEEE}
}


@INPROCEEDINGS{bruckschen2001realtime, 
author={R. Bruckschen and F. Kuester and B. Hamann and K. I. Joy}, 
booktitle={Proceedings IEEE 2001 Symposium on Parallel and Large-Data Visualization and Graphics (Cat. No.01EX520)}, 
title={Real-time out-of-core visualization of particle traces}, 
year={2001}, 
volume={}, 
number={}, 
pages={45-149}, 
doi={10.1109/PVGS.2001.964403}, 
ISSN={}, 
month={Oct},}

@inproceedings{ellsworth2004interactive,
  title={Interactive terascale particle visualization},
  author={Ellsworth, David and Green, Bryan and Moran, Patrick},
  booktitle={Proceedings of the conference on Visualization'04},
  pages={353--360},
  year={2004},
  organization={IEEE Computer Society}
}

@inproceedings{gunther2011view,
  title={A View-Dependent and Inter-Frame Coherent Visualization of Integral Lines using Screen Contribution.},
  author={G{\"u}nther, Tobias and B{\"u}rger, Kai and Westermann, R{\"u}diger and Theisel, Holger},
  booktitle={VMV},
  pages={215--222},
  year={2011}
}

@article{garth2008generation,
  title={Generation of accurate integral surfaces in time-dependent vector fields},
  author={Garth, Christoph and Krishnan, Han and Tricoche, Xavier and Tricoche, Tom and Joy, Kenneth I},
  journal={IEEE Transactions on Visualization and Computer Graphics},
  volume={14},
  number={6},
  year={2008},
  publisher={IEEE}
}

@inproceedings{lane1994ufat,
  title={UFAT-a particle tracer for time-dependent flow fields},
  author={Lane, David A},
  booktitle={Visualization, 1994., Visualization'94, Proceedings., IEEE Conference on},
  pages={257--264},
  year={1994},
  organization={IEEE}
}

@article{mathur2007uncovering,
  title={Uncovering the Lagrangian skeleton of turbulence},
  author={Mathur, Manikandan and Haller, George and Peacock, Thomas and Ruppert-Felsot, Jori E and Swinney, Harry L},
  journal={Physical Review Letters},
  volume={98},
  number={14},
  pages={144502},
  year={2007},
  publisher={APS}
}

@article{shadden2006lagrangian,
  title={Lagrangian analysis of fluid transport in empirical vortex ring flows},
  author={Shadden, Shawn C and Dabiri, John O and Marsden, Jerrold E},
  journal={Physics of Fluids},
  volume={18},
  number={4},
  pages={047105},
  year={2006},
  publisher={AIP}
}

@inproceedings{guo2017feature,
  title={Feature-Based Adaptive Block Partition Method for Data Prefetching in Streamline Visualization},
  author={Guo, Yumeng and Wang, Wenke and Li, Sikun},
  booktitle={2017 18th International Conference on Parallel and Distributed Computing, Applications and Technologies (PDCAT)},
  pages={510--515},
  year={2017},
  organization={IEEE}
}

@inproceedings{yu2007parallel,
  title={Parallel hierarchical visualization of large time-varying 3D vector fields},
  author={Yu, Hongfeng and Wang, Chaoli and Ma, Kwan-Liu},
  booktitle={Proceedings of the 2007 ACM/IEEE conference on Supercomputing},
  pages={24},
  year={2007},
  organization={ACM}
}

@inproceedings{agranovsky2015subsampling,
  title={Subsampling-based compression and flow visualization},
  author={Agranovsky, Alexy and Camp, David and Joy, Kenneth I and Childs, Hank},
  booktitle={Visualization and Data Analysis 2015},
  volume={9397},
  pages={93970J},
  year={2015},
  organization={International Society for Optics and Photonics}
}

@ARTICLE{Orf2015-gq,
   title   = "Visualization of a Simulated {Long-Track} {EF5} Tornado Embedded
               Within a Supercell Thunderstorm",
   author  = "Orf, Leigh and Wilhelmson, Robert and Wicker, Louis",
   journal = "Parallel Comput.", 
   volume  =  0,  
   number  =  0,  
   year    =  2015,
   note    = "in press",
   issn    = "0167-8191"
}

@inproceedings{obermaier2009volume,
  title={Volume Deformations in Grid-Less Flow Simulations},
  author={Obermaier, Harald and Hering-Bertram, Martin and Kuhnert, J{\"o}rg and Hagen, Hans},
  booktitle={Computer Graphics Forum},
  volume={28},
  number={3},
  pages={879--886},
  year={2009},
  organization={Wiley Online Library}
}

@inproceedings{kasten2009localized,
  title={Localized finite-time Lyapunov exponent for unsteady flow analysis.},
  author={Kasten, Jens and Petz, Christoph and Hotz, Ingrid and Noack, Bernd R and Hege, Hans-Christian},
  booktitle={VMV},
  pages={265--276},
  year={2009}
}

@article{nese1989quantifying,
  title={Quantifying local predictability in phase space},
  author={Nese, Jon M},
  journal={Physica D: Nonlinear Phenomena},
  volume={35},
  number={1-2},
  pages={237--250},
  year={1989},
  publisher={Elsevier}
}

@inproceedings{kuhn2012benchmark,
  title={A benchmark for evaluating FTLE computations},
  author={Kuhn, Alexander and R{\"o}ssl, Christian and Weinkauf, Tino and Theisel, Holger},
  booktitle={Pacific Visualization Symposium (PacificVis), 2012 IEEE},
  pages={121--128},
  year={2012},
  organization={IEEE}
}

@article{waldron1998error,
  title={The error in linear interpolation at the vertices of a simplex},
  author={Waldron, Shayne},
  journal={SIAM Journal on Numerical Analysis},
  volume={35},
  number={3},
  pages={1191--1200},
  year={1998},
  publisher={SIAM}
}

@article{hadjighasem2016spectral,
  title={Spectral-clustering approach to Lagrangian vortex detection},
  author={Hadjighasem, Alireza and Karrasch, Daniel and Teramoto, Hiroshi and Haller, George},
  journal={Physical Review E},
  volume={93},
  number={6},
  pages={063107},
  year={2016},
  publisher={APS}
}

@article{GM77,
  title={Smoothed particle hydrodynamics-theory and application to non-spherical stars},
  author={Gingold, Robert A and Monaghan, Joseph J},
  journal={Monthly notices of the royal astronomical society},
  volume={181},
  pages={375--389},
  year={1977}
}

@ARTICLE{laramee2004star,
    author = {Robert S. Laramee and Helwig Hauser and Helmut Doleisch and Benjamin Vrolijk and Frits H. Post and Daniel Weiskopf},
    title = {{The State of the Art in Flow Visualization: Dense and Texture-Based Techniques}},
    journal = {Computer Graphics Forum},
    year = {2004},
    volume = {23},
    pages = {2004}
}

@inproceedings{mcloughlin2009easy,
  title={Easy integral surfaces: a fast, quad-based stream and path surface algorithm},
  author={McLoughlin, Tony and Laramee, Robert S and Zhang, Eugene},
  booktitle={Proceedings of the 2009 Computer Graphics International Conference},
  pages={73--82},
  year={2009},
  organization={ACM}
}

@INPROCEEDINGS{McLoughlin2009,
  author = {Tony McLoughlin and Robert S. Laramee and Ronald Peikert and Frits
	H. Post and Min Chen},
  title = {{Over Two Decades of Integration-Based, Geometric Flow Visualization}},
  booktitle = {EG 2009 - State of the Art Reports},
  year = {2009},
  pages = {73--92},
  date-modified = {2013-01-23 15:07:25 +0100},
  issn = {1017-4656},
  keywords = {flow field, STAR}
}

@article{pobitzer2011star,
  title = {{The State of the Art in Topology-based Visualization of Unsteady Flow}},
  author = {Armin Pobitzer and Ronald Peikert and Raphael Fuchs and   Benjamin Schindler and Alexander Kuhn and Holger Theisel and
  Kresimir Matkovic and Helwig Hauser},
  month = {September},
  year = {2011},
  journal = {Computer Graphics Forum},
  volume = {30},
  number = {6},
  pages = {1789--1811},
  URL = {http://dx.doi.org/10.1111/j.1467-8659.2011.01901.x}
}

@inproceedings{sadlo2010time,
  title={Time-Dependent 2-D Vector Field Topology: An Approach Inspired by Lagrangian Coherent Structures},
  author={Sadlo, Filip and Weiskopf, Daniel},
  booktitle={Computer Graphics Forum},
  volume={29},
  number={1},
  pages={88--100},
  year={2010},
  organization={Wiley Online Library}
}

@ARTICLE{theisel2005topological,
author={Theisel, H. and Weinkauf, T. and Hege, H.-C. and Seidel, H.-P.},
journal={Visualization and Computer Graphics, IEEE Transactions on},
title={{Topological methods for 2D time-dependent vector fields based on stream lines and path lines}},
year={2005},
month={July},
volume={11},
number={4},
pages={383-394},
doi={10.1109/TVCG.2005.68},
ISSN={1077-2626}
}

@INPROCEEDINGS{Kasten2012c,
  author = {Jens Kasten and Ingrid Hotz and Hans-Christian Hege},
  title = {{On the Elusive Concept of Lagrangian Coherent Structures}},
  booktitle = {Topological Methods in Data Analysis and Visualization II. Theory,
	Algorithms, and Applications. (TopoInVis'11)},
  year = {2012},
  pages = {207--220},
  date-modified = {2013-01-23 15:31:06 +0100},
  keywords = {lagrangian, coherent structures, FTLE, flow field}
}

@article{chen2007similarity,
  title={Similarity-guided streamline placement with error evaluation},
  author={Chen, Yuan and Cohen, Jonathan and Krolik, Julian},
  journal={IEEE Transactions on Visualization and Computer Graphics},
  volume={13},
  number={6},
  pages={1448--1455},
  year={2007},
  publisher={IEEE}
}

@article{helgeland2006high,
  title={High-quality and interactive animations of 3D time-varying vector fields},
  author={Helgeland, Anders and Elboth, Thomas},
  journal={IEEE Transactions on Visualization and Computer Graphics},
  volume={12},
  number={6},
  pages={1535--1546},
  year={2006},
  publisher={IEEE}
}

@article{helgeland2004visualization,
  title={Visualization of vector fields using seed LIC and volume rendering},
  author={Helgeland, Anders and Andreassen, Oyvind},
  journal={IEEE Transactions on Visualization \& Computer Graphics},
  number={6},
  pages={673--682},
  year={2004},
  publisher={IEEE}
}

@incollection{jobard1997creating,
  title={Creating evenly-spaced streamlines of arbitrary density},
  author={Jobard, Bruno and Lefer, Wilfrid},
  booktitle={Visualization in Scientific Computing?97},
  pages={43--55},
  year={1997},
  publisher={Springer}
}

@inproceedings{li2008illustrative,
  title={Illustrative streamline placement and visualization},
  author={Li, Liya and Hsieh, Hsien-Hsi and Shen, Han-Wei},
  booktitle={Visualization Symposium, 2008. PacificVIS'08. IEEE Pacific},
  pages={79--86},
  year={2008},
  organization={IEEE}
}

@article{marchesin2010view,
  title={View-dependent streamlines for 3D vector fields},
  author={Marchesin, Stephane and Chen, Cheng-Kai and Ho, Chris and Ma, Kwan-Liu},
  journal={IEEE Transactions on Visualization and Computer Graphics},
  volume={16},
  number={6},
  pages={1578--1586},
  year={2010},
  publisher={IEEE}
}

@article{liu2006advanced,
  title={An advanced evenly-spaced streamline placement algorithm},
  author={Liu, Zhanping and Moorhead, Robert and Groner, Joe},
  journal={IEEE Transactions on Visualization and Computer Graphics},
  volume={12},
  number={5},
  pages={965--972},
  year={2006},
  publisher={IEEE}
}

@inproceedings{mebarki2005farthest,
  title={Farthest point seeding for efficient placement of streamlines},
  author={Mebarki, Abdelkrim and Alliez, Pierre and Devillers, Olivier},
  booktitle={Visualization, 2005. VIS 05. IEEE},
  pages={479--486},
  year={2005},
  organization={IEEE}
}

@inproceedings{mattausch2003strategies,
  title={Strategies for interactive exploration of 3D flow using evenly-spaced illuminated streamlines},
  author={Mattausch, Oliver and Theu{\ss}l, Thomas and Hauser, Helwig and Gr{\"o}ller, Eduard},
  booktitle={Proceedings of the 19th spring conference on Computer graphics},
  pages={213--222},
  year={2003},
  organization={ACM}
}

@inproceedings{rosanwo2009dual,
  title={Dual streamline seeding},
  author={Rosanwo, Olufemi and Petz, Christoph and Prohaska, Steffen and Hege, Hans-Christian and Hotz, Ingrid},
  booktitle={Visualization Symposium, 2009. PacificVis' 09. IEEE Pacific},
  pages={9--16},
  year={2009},
  organization={IEEE}
}

@inproceedings{turk1996image,
  title={Image-guided streamline placement},
  author={Turk, Greg and Banks, David},
  booktitle={Proceedings of the 23rd annual conference on Computer graphics and interactive techniques},
  pages={453--460},
  year={1996},
  organization={ACM}
}

@inproceedings{verma2000flow,
  title={A flow-guided streamline seeding strategy},
  author={Verma, Vivek and Kao, David and Pang, Alex},
  booktitle={Proceedings of the conference on Visualization'00},
  pages={163--170},
  year={2000},
  organization={IEEE Computer Society Press}
}

@inproceedings{wiebel2005eyelet,
  title={Eyelet particle tracing-steady visualization of unsteady flow},
  author={Wiebel, Alexander and Scheuermann, Gerik},
  booktitle={Visualization, 2005. VIS 05. IEEE},
  pages={607--614},
  year={2005},
  organization={IEEE}
}

@inproceedings{ye2005strategy,
  title={Strategy for seeding 3D streamlines},
  author={Ye, Xiangong and Kao, David and Pang, Alex},
  booktitle={Visualization, 2005. VIS 05. IEEE},
  pages={471--478},
  year={2005},
  organization={IEEE}
}

@inproceedings{zockler1996interactive,
  title={Interactive visualization of 3D-vector fields using illuminated stream lines},
  author={Zockler, Malte and Stalling, Detlev and Hege, H-C},
  booktitle={Visualization'96. Proceedings.},
  pages={107--113},
  year={1996},
  organization={IEEE}
}

@article{yu2012hierarchical,
  title={Hierarchical streamline bundles},
  author={Yu, Hongfeng and Wang, Chaoli and Shene, Ching-Kuang and Chen, Jacqueline H},
  journal={IEEE Transactions on Visualization and Computer Graphics},
  volume={18},
  number={8},
  pages={1353--1367},
  year={2012},
  publisher={IEEE}
}


@inproceedings{zheng2015feature,
  title={Feature-Based Streamline Selection Method for 2D Flow Fields},
  author={Zheng, Lintao and Wang, Wenke and Li, Sikun},
  booktitle={Computer-Aided Design and Computer Graphics (CAD/Graphics), 2015 14th International Conference on},
  pages={129--136},
  year={2015},
  organization={IEEE}
}

@inproceedings{lu2013exploring,
  title={Exploring vector fields with distribution-based streamline analysis.},
  author={Lu, Kewei and Chaudhuri, Abon and Lee, Teng-Yok and Shen, Han-Wei and Wong, Pak Chung},
  booktitle={PacificVis},
  pages={257--264},
  year={2013},
  organization={Citeseer}
}

@inproceedings{berndt1994using,
  title={Using dynamic time warping to find patterns in time series.},
  author={Berndt, Donald J and Clifford, James},
  booktitle={KDD workshop},
  volume={10},
  number={16},
  pages={359--370},
  year={1994},
  organization={Seattle, WA}
}

@article{li2015extracting,
  title={Extracting flow features via supervised streamline segmentation},
  author={Li, Yifei and Wang, Chaoli and Shene, Ching-Kuang},
  journal={Computers \& Graphics},
  volume={52},
  pages={79--92},
  year={2015},
  publisher={Elsevier}
}

@article{mcloughlin2013similarity,
  title={Similarity measures for enhancing interactive streamline seeding},
  author={McLoughlin, Tony and Jones, Mark W and Laramee, Robert S and Malki, Rami and Masters, Ian and Hansen, Charles D},
  journal={IEEE Transactions on Visualization and Computer Graphics},
  volume={19},
  number={8},
  pages={1342--1353},
  year={2013},
  publisher={IEEE}
}

@inproceedings{mcloughlin2010over,
  title={Over Two Decades of Integration-Based, Geometric Flow Visualization},
  author={McLoughlin, Tony and Laramee, Robert S and Peikert, Ronald and Post, Frits H and Chen, Min},
  booktitle={Computer Graphics Forum},
  volume={29},
  number={6},
  pages={1807--1829},
  year={2010},
  organization={Wiley Online Library}
}

@article{li2007image,
  title={Image-based streamline generation and rendering},
  author={Li, Liya and Shen, Han-Wei},
  journal={IEEE Transactions on Visualization \& Computer Graphics},
  number={3},
  pages={630--640},
  year={2007},
  publisher={IEEE}
}


@inproceedings{jobard2000unsteady,
  title={Unsteady Flow Visualization by Animating Evenly-Spaced Streamlines},
  author={Jobard, Bruno and Lefer, Wilfrid},
  booktitle={Computer Graphics Forum},
  volume={19},
  number={3},
  pages={31--39},
  year={2000},
  organization={Wiley Online Library}
}


@article{cash1990variable,
  title={A variable order Runge-Kutta method for initial value problems with rapidly varying right-hand sides},
  author={Cash, Jeff R and Karp, Alan H},
  journal={ACM Transactions on Mathematical Software (TOMS)},
  volume={16},
  number={3},
  pages={201--222},
  year={1990},
  publisher={ACM}
}

@inproceedings {sane2018revisiting,
booktitle = {Eurographics Symposium on Parallel Graphics and Visualization},
editor = {Hank Childs and Fernando Cucchietti},
title = {{Revisiting the Evaluation of In Situ Lagrangian Analysis}},
author = {Sane, Sudhanshu and Bujack, Roxana and Childs, Hank},
year = {2018},
publisher = {The Eurographics Association},
ISSN = {1727-348X},
ISBN = {978-3-03868-054-3},
DOI = {10.2312/pgv.20181096}
}

@inproceedings {sane2019interpolation,
booktitle = {Eurographics Symposium on Parallel Graphics and Visualization},
editor = {Childs, Hank and Frey, Steffen},
title = {{An Interpolation Scheme for VDVP Lagrangian Basis Flows}},
author = {Sane, Sudhanshu and Childs, Hank and Bujack, Roxana},
year = {2019},
publisher = {The Eurographics Association},
ISSN = {1727-348X},
ISBN = {978-3-03868-079-6},
DOI = {10.2312/pgv.20191115}
}


@INPROCEEDINGS{hultquist92constructing, 
author={J. P. M. Hultquist}, 
booktitle={Proceedings Visualization '92}, 
title={Constructing stream surfaces in steady 3D vector fields}, 
year={1992}, 
volume={}, 
number={}, 
pages={171-178}, 
keywords={data visualisation;flow simulation;flow visualisation;physics computing;steady 3D vector fields;two-dimensional stream surface;flow field;polygons;downstream edge;adequate sampling;growing surface;ribbon methods;vector field visualization;Streaming media;Visualization;Numerical simulation;Shape;Aerodynamics;NASA;Postal services;Sampling methods;Fluid flow;Packaging}, 
doi={10.1109/VISUAL.1992.235211}, 
ISSN={}, 
month={Oct},}

@inproceedings{sadlo2004vorticity,
  title={Vorticity based flow analysis and visualization for pelton turbine design optimization},
  author={Sadlo, Filip and Peikert, Ronald and Parkinson, Etienne},
  booktitle={Proceedings of the conference on Visualization'04},
  pages={179--186},
  year={2004},
  organization={IEEE Computer Society}
}

@inproceedings{westermann2000level,
  title={A level-set method for flow visualization},
  author={Westermann, R{\"u}diger and Johnson, Christopher and Ertl, Thomas},
  booktitle={Proceedings of the conference on Visualization'00},
  pages={147--154},
  year={2000},
  organization={IEEE Computer Society Press}
}

@incollection{bryson1998virtual,
  title={THE VIRTUAL WINDTUNNEL},
  author={Bryson, Steve and Johan, Sandy and Schlecht, Leslie and Green, Brian and Kenwright, David and Gerald-Yamasaki, Michael},
  booktitle={Computational Fluid Dynamics Review 1998: (In 2 Volumes)},
  pages={1113--1130},
  year={1998},
  publisher={World Scientific}
}

@inproceedings{laramee2004investigating,
  title={Investigating swirl and tumble flow with a comparison of visualization techniques},
  author={Laramee, Robert S and Weiskopf, Daniel and Schneider, J{\"u}rgen and Hauser, Helwig},
  booktitle={Visualization, 2004. IEEE},
  pages={51--58},
  year={2004},
  organization={IEEE}
}

@techreport{asimov1993notes,
  title={Notes on the topology of vector fields and flows},
  author={Asimov, Daniel},
  year={1993},
  institution={Technical report, NASA Ames Research Center, 1993. RNR-93-003}
}

@article{mahrous2004topological,
  title={Topological segmentation in three-dimensional vector fields},
  author={Mahrous, Karim and Bennett, Janine and Scheuermann, Gerik and Hamann, Bernd and Joy, Kenneth I},
  journal={IEEE Transactions on Visualization \& Computer Graphics},
  number={2},
  pages={198--205},
  year={2004},
  publisher={IEEE}
}


@inproceedings{theisel2003saddle,
  title={Saddle connectors-an approach to visualizing the topological skeleton of complex 3D vector fields},
  author={Theisel, Holger and Weinkauf, Tino and Hege, H-C and Seidel, H-P},
  booktitle={Visualization, 2003. VIS 2003. IEEE},
  pages={225--232},
  year={2003},
  organization={IEEE}
}

@incollection{polthier2000variational,
  title={Variational approach to vector field decomposition},
  author={Polthier, Konrad and Preu{\ss}, Eike},
  booktitle={Data Visualization 2000},
  pages={147--155},
  year={2000},
  publisher={Springer}
}

@article{weinkauf2011stable,
  title={Stable feature flow fields},
  author={Weinkauf, Tino and Theisel, Holger and Van Gelder, Allen and Pang, Alex},
  journal={IEEE Transactions on Visualization and Computer Graphics},
  volume={17},
  number={6},
  pages={770--780},
  year={2011},
  publisher={IEEE}
}

@article{tricoche2002topology,
  title={Topology tracking for the visualization of time-dependent two-dimensional flows},
  author={Tricoche, Xavier and Wischgoll, Thomas and Scheuermann, Gerik and Hagen, Hans},
  journal={Computers \& Graphics},
  volume={26},
  number={2},
  pages={249--257},
  year={2002},
  publisher={Elsevier}
}

@inproceedings{garth2004tracking,
  title={Tracking of vector field singularities in unstructured 3D time-dependent datasets},
  author={Garth, Christoph and Tricoche, Xavier and Scheuermann, Gerik},
  booktitle={Proceedings of the conference on Visualization'04},
  pages={329--336},
  year={2004},
  organization={IEEE Computer Society}
}

@inproceedings{theisel2004stream,
  title={Stream line and path line oriented topology for 2D time-dependent vector fields},
  author={Theisel, Holger and Weinkauf, Tino and Hege, Hans-Christian and Seidel, Hans-Peter},
  booktitle={Proceedings of the conference on Visualization'04},
  pages={321--328},
  year={2004},
  organization={IEEE Computer Society}
}

@inproceedings{pobitzer2011state,
  title={The state of the art in topology-based visualization of unsteady flow},
  author={Pobitzer, Armin and Peikert, Ronald and Fuchs, Raphael and Schindler, Benjamin and Kuhn, Alexander and Theisel, Holger and Matkovi{\'c}, Kre{\v{s}}imir and Hauser, Helwig},
  booktitle={Computer Graphics Forum},
  volume={30},
  number={6},
  pages={1789--1811},
  year={2011},
  organization={Wiley Online Library}
}

@article{reinders2001visualization,
  title={Visualization of time-dependent data with feature tracking and event detection},
  author={Reinders, Freek and Post, Frits H and Spoelder, Hans JW},
  journal={The Visual Computer},
  volume={17},
  number={1},
  pages={55--71},
  year={2001},
  publisher={Springer}
}

@article{guthe2002interactive,
  title={Interactive visualization of volumetric vector fields using texture based particles},
  author={Guthe, Stefan and Gumhold, Stefan and Stra{\ss}er, Wolfgang},
  year={2002},
  publisher={UNION Agency}
}

@article{ding2012coherent,
  title={Coherent streamline generation for 2-D vector fields},
  author={Ding, Ziang and Zhang, Xin and Chen, Wei and Tricoche, Xavier and Peng, Dichao and Peng, Qunsheng},
  journal={Tsinghua Science and Technology},
  volume={17},
  number={4},
  pages={463--470},
  year={2012},
  publisher={TUP}
}

@article{wang2010difference,
  title={Difference-Contribution Strategy for Seeding 2D Streamlines},
  author={Wang, Shaorong and You, Rui and Chen, Yisong and Li, Sheng and Wang, Guoping},
  year={2010},
  publisher={V{\'a}clav Skala-UNION Agency}
}

@inproceedings{schlemmer2007priority,
  title={Priority streamlines: A context-based visualization of flow fields.},
  author={Schlemmer, Michael and Hotz, Ingrid and Hamann, Bernd and Morr, Florian and Hagen, Hans},
  booktitle={EuroVis},
  pages={227--234},
  year={2007}
}

@inproceedings{ma2013coherent,
  title={Coherent view-dependent streamline selection for importance-driven flow visualization},
  author={Ma, Jun and Wang, Chaoli and Shene, Ching-Kuang},
  booktitle={Visualization and Data Analysis 2013},
  volume={8654},
  pages={865407},
  year={2013},
  organization={International Society for Optics and Photonics}
}

@incollection{tricoche2012beyond,
  title={Beyond topology: a Lagrangian metaphor to visualize the structure of 3D tensor fields},
  author={Tricoche, Xavier and Hlawitschka, Mario and Barakat, Samer and Garth, Christoph},
  booktitle={New Developments in the Visualization and Processing of Tensor Fields},
  pages={93--109},
  year={2012},
  publisher={Springer}
}

@article{barakat2013adaptive,
  title={Adaptive refinement of the flow map using sparse samples},
  author={Barakat, Samer S and Tricoche, Xavier},
  journal={IEEE transactions on visualization and computer graphics},
  volume={19},
  number={12},
  pages={2753--2762},
  year={2013},
  publisher={IEEE}
}

@inproceedings{engelke2018autonomous,
  title={Autonomous Particles for Interactive Flow Visualization},
  author={Engelke, Wito and Lawonn, Kai and Preim, Bernhard and Hotz, Ingrid},
  booktitle={Computer Graphics Forum},
  year={2018},
  organization={Wiley Online Library}
}

@article{zhang2018survey,
  title={A survey of parallel particle tracing algorithms in flow visualization},
  author={Zhang, Jiang and Yuan, Xiaoru},
  journal={Journal of Visualization},
  volume={21},
  number={3},
  pages={351--368},
  year={2018},
  publisher={Springer}
}

@inproceedings{zhang2010streamline,
  title={A streamline placement method highlighting flow field topology},
  author={Zhang, Wenyao and Sun, Bo and Wang, Yi},
  booktitle={Computational Intelligence and Security (CIS), 2010 International Conference on},
  pages={238--242},
  year={2010},
  organization={IEEE}
}

@article{xu2010information,
  title={An information-theoretic framework for flow visualization},
  author={Xu, Lijie and Lee, Teng-Yok and Shen, Han-Wei},
  journal={IEEE Transactions on Visualization and Computer Graphics},
  volume={16},
  number={6},
  pages={1216--1224},
  year={2010},
  publisher={IEEE}
}

@inproceedings{rees2017stream,
  title={A Stream Ribbon Seeding Strategy},
  author={Rees, Dylan and Laramee, Robert S and Nguyen, Duong and Zhang, Lei and Chen, Guoning and Yeh, Harry and Zhang, Eugene},
  year={2017},
  organization={EuroVis}
}

@article{while2012equi,
  title={Equi-flux streamline seeding for three-dimensional vector fields},
  author={While, Peter T and Forbes, Larry K},
  journal={Journal of Engineering Mathematics},
  volume={76},
  number={1},
  pages={81--100},
  year={2012},
  publisher={Springer}
}

@article{koehler2011vortex,
  title={Vortex visualization in ultra low Reynolds number insect flight},
  author={Koehler, Christopher and Wischgoll, Thomas and Dong, Haibo and Gaston, Zachary},
  journal={IEEE Transactions on Visualization \& Computer Graphics},
  number={12},
  pages={2071--2079},
  year={2011},
  publisher={IEEE}
}

@article{koehler2010visualization,
  title={Visualization of Complex Unsteady 3D Flow: Flowing Seed Points and Dynamically Evolving Seed Curves with Applications to Vortex Visualization in CFD Simulations of Ultra Low Reynolds Number Insect Flight},
  author={Koehler, Christopher M},
  year={2010}
}

@article{edmunds2016enhanced,
  title={Enhanced flow visualisation of complex aerodynamic phenomena using automatic stream surface seeding with application to the BLOODHOUND SSC Land Speed Record vehicle},
  author={Edmunds, Matt and Evans, B and Masters, I and Laramee, RS},
  journal={The Aeronautical Journal},
  volume={120},
  number={1226},
  pages={547--571},
  year={2016},
  publisher={Cambridge University Press}
}

@inproceedings{zhang2013streamline,
  title={A Streamline Illumination Method for 3D Flow Fields},
  author={Zhang, Wenyao and Pei, Yuezhu and Liu, Beichen and Guan, Mengyuan},
  booktitle={Image and Graphics (ICIG), 2013 Seventh International Conference on},
  pages={252--257},
  year={2013},
  organization={IEEE}
}

@article{berger2017visualizing,
  title={Visualizing Time-Varying Particle Flows with Diffusion Geometry},
  author={Berger, Matthew and Levine, Joshua A},
  journal={arXiv preprint arXiv:1708.03686},
  year={2017}
}

@inproceedings{huang2014visualizing,
  title={Visualizing 3D Vector Fields Using Streamlines with Dynamic Glyphs},
  author={Huang, Qi Lin and Cai, Xun and Shen, En Ya},
  booktitle={Advanced Materials Research},
  volume={846},
  pages={1295--1299},
  year={2014},
  organization={Trans Tech Publ}
}

@article{tang2018parallel,
  title={Parallel Visualization of Flow Field based on Streamline Similarity.},
  author={Tang, Bin and Sun, Sipeng and Deng, Rui and Li, Yi},
  journal={International Journal of Performability Engineering},
  volume={14},
  number={4},
  year={2018}
}

@inproceedings{wang2010inflow,
  title={Difference of inflow and outflow based 3D streamline placement},
  author={Wang, Shaorong and Chen, Yisong and Li, Sheng and Wang, Guoping},
  booktitle={Proceedings of the 3rd International Symposium on Visual Information Communication},
  pages={5},
  year={2010},
  organization={ACM}
}

@inproceedings{edmunds2011automatic,
  title={Automatic Stream Surface Seeding.},
  author={Edmunds, Matt and McLoughlin, Tony and Laramee, Robert S and Chen, Guoning and Zhang, Eugene and Max, Nelson},
  booktitle={Eurographics (Short Papers)},
  pages={53--56},
  year={2011}
}

@inproceedings{edmunds2012advanced,
  title={Advanced, Automatic Stream Surface Seeding and Filtering.},
  author={Edmunds, Matt and Laramee, Robert S and Chen, Guoning and Zhang, Eugene and Max, Nelson},
  booktitle={TPCG},
  pages={53--60},
  year={2012}
}

@inproceedings{edmunds2012automatic,
  title={Automatic stream surface seeding: A feature centered approach},
  author={Edmunds, Matt and Laramee, Robert S and Malki, Rami and Masters, Ian and Croft, TN and Chen, Guoning and Zhang, Eugene},
  booktitle={Computer Graphics Forum},
  volume={31},
  number={3pt2},
  pages={1095--1104},
  year={2012},
  organization={Wiley Online Library}
}



@inproceedings{li2014streamline,
  title={Streamline similarity analysis using bag-of-features},
  author={Li, Yifei and Wang, Chaoli and Shene, Ching-Kuang},
  booktitle={Visualization and Data Analysis 2014},
  volume={9017},
  pages={90170N},
  year={2014},
  organization={International Society for Optics and Photonics}
}

@inproceedings{zhang2009topology,
  title={Topology-driven streamline seeding for 2D vector field visualization},
  author={Zhang, Wenyao and Deng, Jianquan},
  booktitle={Systems, Man and Cybernetics, 2009. SMC 2009. IEEE International Conference on},
  pages={4901--4905},
  year={2009},
  organization={IEEE}
}

@inproceedings{tao2014flowstring,
  title={Flowstring: Partial streamline matching using shape invariant similarity measure for exploratory flow visualization},
  author={Tao, Jun and Wang, Chaoli and Shene, Ching Kuang},
  booktitle={Visualization Symposium (PacificVis), 2014 IEEE Pacific},
  pages={9--16},
  year={2014},
  organization={IEEE}
}

@article{fu2015topologically,
  title={A topologically-informed hyperstreamline seeding method for alignment tensor fields},
  author={Fu, Fred and Abukhdeir, Nasser Mohieddin},
  journal={IEEE transactions on visualization and computer graphics},
  volume={21},
  number={3},
  pages={413--419},
  year={2015},
  publisher={IEEE}
}

@article{zhang2014multiresolution,
  title={Multiresolution streamline placement based on control grids},
  author={Zhang, Wenyao and Ning, Jianguo and Zhang, Manrui and Pei, Yuezhu and Liu, Beichen and Sun, Bo},
  journal={Integrated Computer-Aided Engineering},
  volume={21},
  number={1},
  pages={47--57},
  year={2014},
  publisher={IOS Press}
}

@inproceedings{zhang2011multiresolution,
  title={Multiresolution Streamline Placement for 2D Flow Fields},
  author={Zhang, Wenyao and Zhang, Manrui and Sun, Bo},
  booktitle={Computational Intelligence and Security (CIS), 2011 Seventh International Conference on},
  pages={1174--1178},
  year={2011},
  organization={IEEE}
}

@article{kanzler2016line,
  title={Line density control in screen-space via balanced line hierarchies},
  author={Kanzler, Mathias and Ferstl, Florian and Westermann, R{\"u}diger},
  journal={Computers \& Graphics},
  volume={61},
  pages={29--39},
  year={2016},
  publisher={Elsevier}
}

@article{luo2012feature,
  title={Feature-aware streamline generation of planar vector fields via topological methods},
  author={Luo, Chuanjiang and Safa, Issam and Wang, Yusu},
  journal={Computers \& Graphics},
  volume={36},
  number={6},
  pages={754--766},
  year={2012},
  publisher={Elsevier}
}

@inproceedings{zhao2008efficient,
  title={Efficient seeding and defragmentation of curvature streamlines for colonic polyp detection},
  author={Zhao, Lingxiao and Botha, Charl P and Truyen, Roel and Vos, Frans M and Post, Frits H},
  booktitle={Medical Imaging 2008: Physiology, Function, and Structure from Medical Images},
  volume={6916},
  pages={69160E},
  year={2008},
  organization={International Society for Optics and Photonics}
}

@inproceedings{lee2011view,
  title={View point evaluation and streamline filtering for flow visualization},
  author={Lee, Teng-Yok and Mishchenko, Oleg and Shen, Han-Wei and Crawfis, Roger},
  booktitle={Visualization Symposium (PacificVis), 2011 IEEE Pacific},
  pages={83--90},
  year={2011},
  organization={IEEE}
}

@article{tao2013unified,
  title={A unified approach to streamline selection and viewpoint selection for 3D flow visualization},
  author={Tao, Jun and Ma, Jun and Wang, Chaoli and Shene, Ching-Kuang},
  journal={IEEE Transactions on Visualization and Computer Graphics},
  volume={19},
  number={3},
  pages={393--406},
  year={2013},
  publisher={IEEE}
}

@article{wu2010topology,
  title={Topology-aware evenly spaced streamline placement},
  author={Wu, Keqin and Liu, Zhanping and Zhang, Song and Moorhead II, Robert J},
  journal={IEEE Transactions on Visualization and Computer Graphics},
  volume={16},
  number={5},
  pages={791--801},
  year={2010},
  publisher={IEEE}
}

@inproceedings{zhang2009extraction,
  title={Extraction of Limit Streamlines in 2D Flow Field Using Virtual Boundary},
  author={Zhang, Wenyao and Su, Jing},
  booktitle={Computational Intelligence and Security, 2009. CIS'09. International Conference on},
  volume={1},
  pages={171--175},
  year={2009},
  organization={IEEE}
}

@inproceedings{wang2011streamline,
  title={Streamline-based visualization of 3D explosion fields},
  author={Wang, Yi and Zhang, Wenyao and Ning, JianGuo},
  booktitle={Computational Intelligence and Security (CIS), 2011 Seventh International Conference on},
  pages={1224--1228},
  year={2011},
  organization={IEEE}
}

@inproceedings{spencer2009evenly,
  title={Evenly spaced streamlines for surfaces: An image-based approach},
  author={Spencer, Benjamin and Laramee, Robert S and Chen, Guoning and Zhang, Eugene},
  booktitle={Computer Graphics Forum},
  volume={28},
  number={6},
  pages={1618--1631},
  year={2009},
  organization={Wiley Online Library}
}

@article{chen2007vector,
  title={Vector field editing and periodic orbit extraction using morse decomposition},
  author={Chen, Guoning and Mischaikow, Konstantin and Laramee, Robert S and Pilarczyk, Pawel and Zhang, Eugene},
  journal={IEEE Transactions on Visualization \& Computer Graphics},
  number={4},
  pages={769--785},
  year={2007},
  publisher={IEEE}
}

@article{helman1991visualizing,
  title={Visualizing vector field topology in fluid flows},
  author={Helman, James L and Hesselink, Lambertus},
  journal={IEEE Computer Graphics and Applications},
  number={3},
  pages={36--46},
  year={1991},
  publisher={IEEE}
}

@inproceedings{helman1990surface,
  title={Surface representations of two-and three-dimensional fluid flow topology},
  author={Helman, James L and Hesselink, Lambertus},
  booktitle={Proceedings of the 1st conference on Visualization'90},
  pages={6--13},
  year={1990},
  organization={IEEE Computer Society Press}
}

@inproceedings{theisel2003feature,
 author = {Theisel, H. and Seidel, H.-P.},
 title = {Feature Flow Fields},
 booktitle = {Proceedings of the Symposium on Data Visualisation 2003},
 series = {VISSYM '03},
 year = {2003},
 isbn = {1-58113-698-6},
 location = {Grenoble, France},
 pages = {141--148},
 numpages = {8},
 url = {http://dl.acm.org/citation.cfm?id=769922.769938},
 acmid = {769938},
 publisher = {Eurographics Association},
 address = {Aire-la-Ville, Switzerland, Switzerland},
}

@inproceedings{heine2016survey,
  title={A survey of topology-based methods in visualization},
  author={Heine, Christian and Leitte, Heike and Hlawitschka, Mario and Iuricich, Federico and De Floriani, Leila and Scheuermann, Gerik and Hagen, Hans and Garth, Christoph},
  booktitle={Computer Graphics Forum},
  volume={35},
  number={3},
  pages={643--667},
  year={2016},
  organization={Wiley Online Library}
}

@inproceedings{shen2016visualizing,
  title={Visualizing flow fields using fractal dimensions},
  author={Shen, Han-Wei and Vasko, Ross and Wenger, Rephael},
  booktitle={Proceedings of the Eurographics/IEEE VGTC Conference on Visualization: Short Papers},
  pages={25--29},
  year={2016},
  organization={Eurographics Association}
}

@inproceedings{du2004centroidal,
  title={Centroidal Voronoi tessellation based algorithms for vector fields visualization and segmentation},
  author={Du, Qiang and Wang, Xiaoqiang},
  booktitle={Proceedings of the conference on Visualization'04},
  pages={43--50},
  year={2004},
  organization={IEEE Computer Society}
}

@inproceedings{bordoloi2002hardware,
  title={Hardware accelerated interactive vector field visualization: A level of detail approach},
  author={Bordoloi, Udeepta and Shen, Han-Wei},
  booktitle={Computer Graphics Forum},
  volume={21},
  number={3},
  pages={605--614},
  year={2002},
  organization={Wiley Online Library}
}

@article{weinkauf2002curvature,
  title={Curvature measures of 3D vector fields and their applications},
  author={Weinkauf, Tino and Theisel, Holger},
  year={2002},
  publisher={UNION Agency}
}

@article{weinkauf2003coherent,
  title={Coherent structures in a transitional flow around a backward-facing step},
  author={Weinkauf, Tino and Hege, Hans-Christian and Noack, Bernd R and Schlegel, Michael and Dillmann, Andreas},
  journal={Physics of Fluids},
  volume={15},
  number={9},
  pages={S3--S3},
  year={2003},
  publisher={AIP}
}

@inproceedings{laramee2002interactive,
  title={Interactive 3d flow visualization using a streamrunner},
  author={Laramee, Robert S},
  booktitle={Conference on Human Factors in Computing Systems: CHI'02 extended abstracts on Human factors in computing systems},
  volume={20},
  number={25},
  pages={804--805},
  year={2002}
}

@inproceedings{laramee2005visual,
  title={Visual analysis and exploration of fluid flow in a cooling jacket},
  author={Laramee, Robert S and Garth, Christoph and Doleisch, Helmut and Schneider, J{\"u}rgen and Hauser, Helwig and Hagen, Hans},
  booktitle={Visualization, 2005. VIS 05. IEEE},
  pages={623--630},
  year={2005},
  organization={IEEE}
}

@inproceedings{schulze2014sets,
  title={Sets of globally optimal stream surfaces for flow visualization},
  author={Schulze, Maik and Esturo, J Martinez and G{\"u}nther, Tobias and R{\"o}ssl, Christian and Seidel, H-P and Weinkauf, Tino and Theisel, Holger},
  booktitle={Computer Graphics Forum},
  volume={33},
  number={3},
  pages={1--10},
  year={2014},
  organization={Wiley Online Library}
}

@inproceedings{esturo2013global,
  title={Global selection of stream surfaces},
  author={Esturo, Janick Martinez and Schulze, Maik and R{\"o}ssl, Christian and Theisel, Holger},
  booktitle={Computer Graphics Forum},
  volume={32},
  number={2pt1},
  pages={113--122},
  year={2013},
  organization={Wiley Online Library}
}


@article{bartovn2015stretch,
  title={Stretch-minimising stream surfaces},
  author={Barto{\v{n}}, Michael and Kosinka, Ji{\v{r}}{\'\i} and Calo, Victor M},
  journal={Graphical Models},
  volume={79},
  pages={12--22},
  year={2015},
  publisher={Elsevier}
}

@article{brambilla2015expressive,
  title={Expressive seeding of multiple stream surfaces for interactive flow exploration},
  author={Brambilla, Andrea and Hauser, Helwig},
  journal={Computers \& Graphics},
  volume={47},
  pages={123--134},
  year={2015},
  publisher={Elsevier}
}

@article{tao2017semi,
  title={Semi-Automatic Generation of Stream Surfaces via Sketching},
  author={Tao, Jun and Wang, Chaoli},
  journal={IEEE transactions on visualization and computer graphics},
  year={2017},
  publisher={IEEE}
}

@phdthesis{vasko2017techniques,
  title={Techniques for Assistance in Streamline and Stream Surface Visualizations},
  author={Vasko, Ross},
  year={2017},
  school={The Ohio State University}
}


@inproceedings{tao2016peeling,
  title={Peeling the flow: A sketch-based interface to generate stream surfaces},
  author={Tao, Jum and Wang, Chaoli},
  booktitle={SIGGRAPH ASIA 2016 Symposium on Visualization},
  pages={14},
  year={2016},
  organization={ACM}
}

@inproceedings{edmunds2014interactive,
  title={Interactive stream surface placement a hybrid clustering approach supported by tree maps},
  author={Edmunds, Matt and Laramee, Robert S and Malki, Rami and Masters, Ian and Wang, Yingluo and Chen, Guoning and Zhang, Eugene and Max, Nelson},
  booktitle={Information Visualization Theory and Applications (IVAPP), 2014 International Conference on},
  pages={347--355},
  year={2014},
  organization={IEEE}
}


@article{shen2004interactive,
  title={Interactive visualization of three-dimensional vector fields with flexible appearance control},
  author={Shen, H-W and Bordoloi, Udeepta D and Li, G-S},
  journal={IEEE Transactions on Visualization and Computer Graphics},
  volume={10},
  number={4},
  pages={434--445},
  year={2004},
  publisher={IEEE}
}

@inproceedings{schulz1999interactive,
  title={Interactive visualization of fluid dynamics simulations in locally refined Cartesian grids (case study)},
  author={Schulz, Martin and Reck, Frank and Bartelheimer, Wolf and Ertl, Thomas},
  booktitle={Proceedings of the conference on Visualization'99: celebrating ten years},
  pages={413--416},
  year={1999},
  organization={IEEE Computer Society Press}
}

@inproceedings{bauer2002case,
  title={A case study in selective visualization of unsteady 3D flow},
  author={Bauer, Dirk and Peikert, Ronald and Sato, Mie and Sick, Mirjam},
  booktitle={Proceedings of the conference on Visualization'02},
  pages={525--528},
  year={2002},
  organization={IEEE Computer Society}
}

@inproceedings{vilanova2004dti,
  title={DTI visualization with streamsurfaces and evenly-spaced volume seeding},
  author={Vilanova, Anna and Berenschot, Guus and Van Pul, C},
  booktitle={Proceedings of the Sixth Joint Eurographics-IEEE TCVG conference on Visualization},
  pages={173--182},
  year={2004},
  organization={Eurographics Association}
}

@inproceedings{merhof2005visualization,
  title={Visualization of diffusion tensor data using evenly spaced streamlines},
  author={Merhof, Dorit and Sonntag, Markus and Enders, Frank and Hastreiter, Peter and Fahlbusch, Rudolf and Nimsky, Christopher and Greiner, G{\"u}nther},
  year={2005}
}

@article{lodha2003topology,
  title={Topology preserving top-down compression of 2d vector fields using bintree and triangular quadtrees},
  author={Lodha, Suresh K and Faaland, Nikolai M and Renteria, Jose C},
  journal={IEEE Transactions on Visualization and Computer Graphics},
  volume={9},
  number={4},
  pages={433--442},
  year={2003},
  publisher={IEEE}
}

@inproceedings{lodha2000topology,
  title={Topology preserving compression of 2D vector fields},
  author={Lodha, Suresh K and Renteria, Jose C and Roskin, Krishna M},
  booktitle={Proceedings Visualization 2000. VIS 2000 (Cat. No. 00CH37145)},
  pages={343--350},
  year={2000},
  organization={IEEE}
}

@inproceedings{theisel2003combining,
  title={Combining topological simplification and topology preserving compression for 2d vector fields},
  author={Theisel, Holger and Rossl, Christian and Seidel, H-P},
  booktitle={11th Pacific Conference onComputer Graphics and Applications, 2003. Proceedings.},
  pages={419--423},
  year={2003},
  organization={IEEE}
}

@inproceedings{tong2012salient,
  title={Salient time steps selection from large scale time-varying data sets with dynamic time warping},
  author={Tong, Xin and Lee, Teng-Yok and Shen, Han-Wei},
  booktitle={IEEE Symposium on Large Data Analysis and Visualization (LDAV)},
  pages={49--56},
  year={2012},
  organization={IEEE}
}

@inproceedings{theisel2003compression,
  title={Compression of 2D vector fields under guaranteed topology preservation},
  author={Theisel, Holger and R{\"o}ssl, Ch and Seidel, H-P},
  booktitle={Computer Graphics Forum},
  volume={22},
  number={3},
  pages={333--342},
  year={2003},
  organization={Wiley Online Library}
}

@article{ma2009situ,
  title={In situ visualization at extreme scale: Challenges and opportunities},
  author={Ma, Kwan-Liu},
  journal={IEEE Computer Graphics and Applications},
  volume={29},
  number={6},
  pages={14--19},
  year={2009},
  publisher={IEEE}
}
